2925 4742
201 279 295 350 moe
559 295 592 346 c.
615 293 798 344 conuenit
821 291 950 344 rantur
988 331 993 340 .
1088 299 1092 305 ·
1142 297 1313 364 [auen.

203 437 409 525 ‘gladiime,'
422 438 541 525 iuquit,
565 441 626 504 ‘et
640 437 719 522 pilis
733 437 932 521 perfringere
955 457 997 502 ac
1014 438 1174 505 subruere
1194 459 1318 506 murus

202 545 281 610 ulloe
294 542 588 624 manuspossuntl
612 539 650 605 si
674 560 826 624 aggerem
851 545 986 618 struere,
1012 541 1044 604 si
1062 542 1186 624 pluteis
1209 542 1320 608 crati·.

201 648 306 712 busve
328 643 456 728 protegi
477 661 618 708 necesse
631 643 739 721 fuerit,
755 647 802 707 ut
814 643 935 725 vulgus
948 643 1182 726 improvidum,
1202 644 1314 710 irriti¹⁸

202 749 379 826 stabimus,
389 746 595 810 altitudinem
605 746 754 824 turrium,
762 751 796 810 et
804 745 913 808 aliena
921 746 1125 810 munimento
1132 746 1314 810 mirantes‘l

204 848 296 928 Quin
318 848 432 933 potius
449 866 543 912 mora
556 849 664 912 noctis
684 847 795 925 unius,
819 845 971 910 advectis
994 846 1166 910 mrmentis
1183 845 1320 910 mecbi*

203 953 345 1033 nisque,⁷
361 949 442 1016 vim⁸
453 949 695 1031 victoriamque
708 949 884 1012 nobiscum
903 946 1039 1010 ferimus
1049 946 1075 1010 ‘l'
1097 946 1206 1011 Simul
1219 948 1314 1010 liras

204 1053 420 1135 calonesque,
437 1071 514 1116 cnm
528 1050 766 1115 recentissimis
785 1047 960 1132 equitum,¹¹
974 1046 1175 1112 Bedriacum
1196 1047 1314 1124 mittit,

206 1154 351 1238 copias,⁰
364 1158 540 1236 ceteraque
555 1153 669 1216 usuitt
683 1152 854 1218 allamms.
882 1163 884 1167 ’

246 1255 303 1320 el.
327 1254 369 1318 Id
380 1273 460 1320 vero
475 1271 560 1336 aegte
575 1253 736 1318 tolerante
757 1251 874 1328 milite,
893 1269 999 1335 prope
1020 1249 1218 1316 seditionem
1230 1269 1315 1315 ven-

204 1359 286 1434 tum,
311 1360 401 1421 cnm¹
425 1355 595 1438 progressi
617 1354 747 1437 equites
772 1353 838 1417 sub
862 1353 941 1435 ipsa
962 1353 1099 1428 moenie,
1122 1370 1228 1434 vegos
1251 1359 1316 1416 ert²

206 1455 484 1524 Cremonensibus
499 1457 702 1540 corripiunt:
726 1473 866 1537 quorum
887 1453 1013 1518 indicio
1034 1454 1197 1519 noscitur:
1221 1459 1316 1519 ‘sex

204 1557 404 1626 Vitellianus
437 1561 584 1644 legiones
618 1577 812 1640 omnemque
841 1555 1038 1631 exercitum,
1065 1557 1123 1639 qui
1150 1555 1315 1620 Hostilius

204 1667 327 1744 egerat,
342 1683 384 1728 eo
399 1664 476 1747 ipso
498 1661 552 1726 die
566 1661 700 1742 triginta
713 1659 833 1726 millial
852 1677 1011 1742 passuum
1025 1677 1205 1734 emensum,
1221 1676 1315 1721 com-

203 1831 267 1890 καί,
275 1842 317 1890 an,
325 1827 413 1892 inquit,
421 1828 479 1877 nllse
488 1841 579 1877 manus
590 1832 699 1890 possunt
708 1839 877 1890 perrumpere
888 1840 920 1875 ae
931 1824 1086 1874 subvertere
1095 1824 1189 1874 moenia
1199 1823 1317 1887 ensibus,

205 1897 252 1941 aut
262 1892 359 1942 baetis?
375 1894 403 1943 Si
415 1893 493 1942 moliri
503 1908 532 1941 ac
542 1899 644 1941 struere
656 1905 779 1954 aggerem
796 1890 958 1951 convenerit,
978 1889 1000 1937 si
1018 1889 1113 1952 pluteis
1132 1896 1178 1938 aut
1196 1889 1316 1940 cratibus

205 1954 322 2019 defendi,
334 1971 367 2006 sn
378 1963 409 2006 ut
420 1957 509 2018 vulgus
520 1957 638 2020 ignarum
656 1963 683 2004 et
698 1955 841 2017 incautum,
850 1954 1042 2003 wetinmsust
1053 1954 1188 2016 compostis
1197 1954 1316 2014 munitm,-

203 2020 265 2068 raui
275 2020 428 2084 aspiciemus
440 2021 641 2084 mirabimurque
651 2021 831 2070 excelsitatem
842 2019 961 2079 turrium,
970 2025 999 2067 et
1009 2018 1095 2067 aliena
1102 2017 1316 2081 propugnacula?

196 2083 276 2136 'Quin
288 2086 375 2148 potins
385 2086 470 2135 noctis
481 2085 556 2134 unius
566 2085 716 2144 intervallo,
733 2083 820 2132 allatis
840 2083 982 2146 catapultis
999 2081 1160 2144 habetisque,
1172 2083 1222 2131 vim
1232 2083 1317 2132 vieto·

205 2143 322 2214 uiamque
341 2149 477 2200 nobiscum
498 2147 655 2198 lucebimus?
673 2149 806 2210 Eodemque
823 2153 928 2209 tenpore
946 2147 1024 2196 srittit
1044 2147 1190 2196 Bedriacum
1206 2146 1270 2195 linas
1289 2151 1318 2196 et

204 2215 305 2276 cabrer,
312 2229 365 2290 cem
373 2214 490 2276 equitibus
500 2213 579 2263 misus
583 2211 668 2275 susis,
677 2213 719 2275 qui
727 2213 868 2261 adesim
875 2216 1025 2274 comm,
1032 2216 1057 2259 et
1066 2213 1128 2260 abac
1137 2225 1175 2260 ras
1185 2211 1319 2260 obsidioni

207 2291 358 2326 secmnns.
743 2289 745 2293 ’

238 2341 275 2391 As
283 2341 309 2389 id
319 2340 475 2402 enemente
485 2339 633 2400 stultissime¹
642 2340 673 2388 ud
683 2337 827 2390 discordiose
836 2353 874 2388 res
882 2344 1003 2403 mucio,
1011 2354 1064 2388 cam
1072 2353 1212 2402 pectenem
1223 2341 1319 2402 equus-

205 2409 245 2454 θυι
255 2404 312 2465 fers
322 2407 353 2454 ad
364 2417 443 2454 sauros
459 2406 530 2468 imur,
539 2406 647 2468 patmus
655 2404 780 2468 quosdam
791 2420 805 2453 e
816 2405 1011 2454 cremensibus
1024 2403 1142 2466 caulem
1157 2418 1254 2467 quoram
1265 2418 1318 2452 ser·

204 2483 273 2518 mss
282 2470 439 2531 mustus,
457 2482 504 2518 sea
522 2469 638 2531 legiones
653 2468 817 2531 Vitellianas,
826 2475 856 2518 et
865 2469 998 2518 universas
1008 2469 1108 2531 copias,
1123 2482 1182 2531 qus
1195 2467 1317 2517 Hostilius

105 2591 107 2600 γ
204 2531 321 2596 fuerent,
337 2548 369 2584 eo
384 2534 441 2597 ipso
460 2533 502 2582 die
515 2533 620 2596 triginta
637 2532 785 2582 milliarium
802 2533 854 2582 iter
872 2531 1025 2594 coniecisse,
1044 2547 1076 2582 ac
1094 2532 1199 2594 cognita
1210 2546 1317 2581 suornm

671 2668 849 2689 conuentu

203 2746 302 2801 irustrn
311 2749 440 2813 additum,
454 2751 642 2802 musana-⁷
661 2749 826 2814 Martiusque
845 2749 920 2800 sbest
937 2764 954 2800 a
969 2747 1221 2802 incendereris
1237 2749 1319 2801 libra-

206 2813 305 2866 riorum
327 2823 368 2866 est
388 2815 603 2866 additamentum.
648 2816 701 2871 Qus
717 2815 785 2863 cnim
802 2815 878 2865 abeat
896 2830 913 2866 u
928 2815 979 2864 bis.
991 2815 1046 2868 Jes.
1067 2822 1095 2864 et
1112 2816 1196 2864 altera
1212 2821 1318 2866 tanturn

208 2893 286 2930 mann
299 2878 416 2930 additum
428 2881 455 2929 in
469 2881 520 2930 bis.
540 2881 614 2930 Hsrl.
631 2879 790 2934 Erotion-8
807 2879 856 2928 Ed.
873 2894 913 2943 pr.
933 2881 988 2930 inde
1007 2894 1055 2943 pro
1073 2880 1179 2930 eim-9
1195 2877 1239 2929 lta
1250 2880 1318 2930 bles.

208 2944 288 2996 corb.
300 2944 368 3006 Reg.
379 2944 460 2994 editio
471 2945 591 3008 princeps
602 2950 630 2993 et
640 2941 810 2992 recentiores.
832 2943 897 2992 Mss.
909 2943 985 2993 lieri.
996 2944 1071 2994 nott.
1082 2942 1170 2994 Guelf.
1182 2950 1211 2992 et
1220 2944 1319 2994 Puteo·

208 3008 292 3073 lenus,
299 3013 337 3058 cet
423 3044 431 3069 ,
442 3023 494 3072 qeoe
504 3007 645 3066 miserest
655 3008 778 3056 dicturos
801 3005 845 3056 lta
855 3022 957 3072 quoque
970 3009 1021 3058 ote.
1031 3008 1087 3061 los.
1098 3006 1144 3058 sed
1156 3008 1252 3070 omisit,
1263 3023 1317 3070 qus.

241 3077 254 3122 1
272 3073 371 3124 Malee
393 3073 438 3144 itio
450 3073 581 3138 princeps,
592 3075 644 3122 tura
651 3085 736 3136 progr.
770 3071 933 3123 Erotion-2
949 3073 1002 3124 Ms.
1021 3074 1087 3138 Reg.
1106 3079 1136 3124 et
1153 3072 1235 3123 editio
1246 3073 1319 3138 prin·

707 3225 819 3278 NOTAE

241 3366 260 3397 ι
277 3355 362 3420 irriti]
378 3355 744 3423 inutiles,ctiosi,spedsiad
781 3359 834 3410 alia
843 3359 974 3410 utensilia.
1311 3386 1315 3395 .

209 3432 378 3484 acbustrati.
814 3443 829 3478 v
855 3440 987 3500 Campe
1007 3435 1072 3498 essi]
1100 3436 1257 3500 Intellignut
1276 3449 1320 3499 ea,

240 3515 254 3542 ²
272 3510 333 3559 Cum
341 3509 511 3560 recentissimis
523 3510 638 3575 equitum]
654 3509 745 3558 Vertit
783 3528 842 3578 qure
862 3512 1008 3564 necessaria
1025 3510 1167 3561 obsidendo
1178 3511 1275 3575 oppido
1292 3527 1321 3561 e·

209 3585 272 3636 cler.
284 3585 416 3646 nartem,
425 3585 495 3650 qnasi
503 3587 604 3650 equites
614 3587 652 3636 illi
660 3600 744 3650 nuper
784 3594 851 3637 rant.
877 3589 959 3637 Certe
969 3601 1061 3651 supra:
1073 3587 1162 3640 ‘Quin
1171 3587 1257 3651 potins
1265 3597 1321 3636 tuo·

209 3661 305 3714 delecti
316 3667 345 3712 et
362 3662 503 3726 conscripti
514 3668 616 3713 esseut:
633 3659 744 3712 fallitur.
783 3675 814 3710 ra
833 3661 918 3712 noctis
940 3661 1026 3720 nnius,
1046 3661 1163 3711 adrectis
1184 3659 1320 3712 tormentis

129 3779 136 3796 ,
210 3735 453 3801 Dettgitnntoutus
469 3737 570 3802 equites
586 3736 701 3802 integros
717 3744 745 3786 et
783 3737 979 3802 machinisque,'
995 3739 1045 3787 dtu.
1078 3737 1116 3786 Et
1129 3741 1254 3801 poterant
1271 3749 1321 3798 per

209 3811 746 3878 miuuslessuscursu‚sutpttgna,utBe·
784 3823 887 3866 noctem
908 3814 994 3864 redire
1014 3813 1155 3876 Bedriaco,
1178 3821 1207 3863 et
1233 3814 1320 3877 primo

210 3890 325 3941 driacum
342 3889 475 3952 advolent,
487 3889 520 3940 ad
531 3895 691 3940 commentus
707 3888 746 3939 af·
783 3905 858 3940 mane
870 3889 1253 3942 omnianecesssriaadvebere.

209 3965 342 4032 serendos,
362 3973 390 4020 et
409 3974 499 4020 cetera
511 3967 638 4018 obsidioni
654 3980 744 4017 neces·
816 3976 828 4009 ¹1
845 3968 961 4030 triginta
978 3966 1067 4029 mutis]
1082 3967 1172 4016 Vertit
1186 3966 1320 4030 interpres

208 4043 284 4094 saris.
786 4044 856 4094 Gall.
870 4048 959 4108 xptos
975 4045 1053 4092 mous
1068 4041 1139 4093 Gatt.
1154 4057 1206 4093 nec
1220 4042 1268 4092 abs
1279 4056 1320 4095 re·

242 4125 254 4151 ⁰
279 4120 378 4186 Copias]
404 4122 580 4186 commeatus,
599 4120 697 4172 cibaria
715 4127 744 4172 et
786 4122 844 4173 Nec
861 4118 1021 4194 potnlt'sere
1037 4133 1119 4186 mre
1131 4133 1225 4193 agmen
1239 4119 1321 4184 legio·
