2925 4742
197 265 286 340 8004
546 289 578 336 o.
601 285 782 338 oonunnu
804 285 932 336 numm
1142 288 1323 357 [uum.

699 595 807 647 NOTAE

199 786 730 855 illumpraecipuuruHeividiofuissemeg·
771 790 893 840 undecim
911 789 1017 840 fuerunt
1028 787 1157 852 regiones,
1172 785 1242 835 Plio.
1259 797 1318 834 111.

199 881 240 917 use
258 863 371 927 offensu,
384 881 525 926 scuranum
541 869 642 932 glorie,
659 876 730 918 unte·
770 871 810 917 lt.
828 866 993 930 Regioprimo
1003 863 1119 914 o'l'iberi
1129 861 1234 912 flumine
1241 861 1319 911 Sur·

198 955 274 1006 quum
283 948 388 990 seustus
399 949 459 992 uctu
470 943 622 1006 subjiceret,
632 944 729 1008 aliquid
768 951 872 993 rcutmn
890 957 972 1006 usque
991 946 1076 1003 potet,
1095 943 1142 987 eut
1165 937 1252 1000 potius
1272 932 1319 984 ed

198 1015 232 1067 de
243 1017 325 1080 ipsius
334 1017 450 1066 Helvidii
459 1033 553 1082 genere
564 1033 595 1068 uc
604 1019 657 1068 sits
665 1035 730 1083 prre·
768 1017 863 1068 flumen
877 1018 1000 1078 sitorum,
1015 1016 1087 1064 ultre
1097 1014 1205 1077 trigiuts
1215 1011 1320 1061 muti·-

198 1089 250 1140 ieri
260 1090 356 1141 voluit:
375 1107 433 1142 curus
449 1094 475 1142 in
487 1094 660 1156 superioribus
671 1109 729 1144 rer·
768 1095 816 1157 rie,
838 1093 924 1158 (istius
949 1092 1018 1143 euim
1039 1090 1122 1155 portis
1141 1089 1206 1138 fines
1225 1085 1317 1136 dssbie

197 1165 247 1228 bis,
256 1167 289 1216 de
306 1168 444 1218 honoribus
463 1176 565 1222 tentum
578 1171 729 1234 imperatori
768 1169 870 1219 Plinius
892 1168 1036 1232 agnoscit)
1067 1166 1316 1229 complectiturque

198 1247 227 1290 et
246 1241 355 1291 ducibus
373 1243 518 1293 tribuendis
537 1252 624 1294 ectum
638 1244 730 1306 inserit,
769 1246 884 1305 Latium,
894 1243 1072 1307 Componism,
1081 1249 1110 1291 et
1120 1241 1285 1304 Picentinoo.

197 1316 400 1368 uibiideseriis.
434 1320 548 1370 Pictum.
688 1342 710 1370 .·
801 1322 880 1384 Regio
895 1322 996 1370 mdo
1012 1334 1028 1367 o
1044 1318 1198 1380 Metaponto
1210 1317 1237 1364 in
1248 1314 1320 1364 sinn

229 1399 243 1428 ²
259 1393 351 1443 Iterum
364 1395 390 1443 iu
404 1394 555 1457 montionem]
572 1396 730 1445 Meminerat
769 1397 913 1446 Terentino
925 1400 1049 1458 porrecto
1061 1392 1095 1441 ed
1105 1404 1206 1440 omnem
1217 1389 1317 1438 Tifer-

199 1465 271 1518 Hist.
289 1469 306 1518 l.
317 1482 349 1518 rr.
374 1470 442 1518 Nem
460 1471 488 1519 iu
499 1467 643 1520 Annalibus
660 1485 729 1536 sepe
770 1487 831 1521 num
849 1472 875 1520 in
890 1472 955 1522 muri
968 1468 1114 1531 Adriatico,
1133 1465 1246 1516 includit
1260 1465 1316 1514 So·

198 1543 321 1593 occurrit.
353 1543 468 1594 Suettius.
769 1544 892 1612 lentinos,
899 1547 1055 1609 celebrium,
1067 1543 1199 1609 Aprutium,
1209 1545 1262 1591 &c

223 1617 438 1683 ritottooeprimo,
450 1621 584 1670 Torrociuoe
594 1621 730 1686 municipio]
805 1624 883 1686 Regio
893 1623 1097 1685 tertio‚Siiornm
1115 1619 1185 1669 inter
1202 1626 1231 1668 et
1247 1617 1313 1666 nte·

197 1693 296 1745 Vocem
317 1697 417 1756 septimo
438 1695 598 1746 inseruimus.
630 1700 730 1750 Scimus
772 1704 905 1761 tupoutum
926 1698 986 1760 site,
1006 1693 1196 1746 circumscribit
1221 1693 1313 1742 Luce·

198 1771 266 1820 euim
276 1771 379 1821 itutium
389 1779 467 1822 totum
479 1773 505 1821 in
514 1773 635 1822 undecim
647 1775 731 1839 regio·
771 1788 827 1837 nos,
837 1775 954 1836 Brutios,
963 1781 991 1823 et
1001 1787 1121 1836 magnam
1132 1771 1272 1821 (trecium.

197 1846 362 1898 nesdivisom
372 1846 406 1895 ab
419 1846 545 1910 Augusto.
568 1848 661 1912 Itaque
672 1863 730 1898 cum
803 1850 882 1913 Regio
897 1855 983 1913 onusto
997 1865 1013 1898 o
1029 1849 1137 1897 'tiferno
1157 1847 1191 1896 ud
1208 1845 1310 1895 flumen

197 1920 309 1984 regionis
326 1921 369 1970 hic
388 1923 486 1972 mentio
510 1921 565 1985 fiat,
591 1924 731 1974 verisimile
771 1926 907 1989 Aternum,
926 1925 1016 1974 itidem
1038 1925 1063 1974 in
1082 1923 1227 1981 Adriatico,
1245 1935 1309 1985 pro·

197 2009 254 2046 esse
265 1997 348 2063 siunt,
359 2013 493 2050 numerum
512 2000 535 2066 ej
540 2015 568 2049 us
584 2013 600 2048 e
611 2001 730 2052 Cornelio
770 2015 885 2064 currens,
895 2001 975 2051 hebet
985 2000 1161 2060 Feruentinos,
1170 1997 1309 2062 Pelignos,

197 2088 359 2139 expressum.
769 2077 970 2141 Samniumee.

228 2151 281 2201 Sed
298 2151 361 2215 jure
381 2151 491 2216 ambigo.
525 2151 650 2216 Primum,
670 2153 731 2216 quie
803 2152 883 2214 Regio
902 2152 986 2215 quista
999 2151 1032 2200 sb
1051 2150 1152 2201 Aterno
1170 2148 1203 2198 sd
1218 2147 1308 2198 Anco-

197 2241 250 2278 uon
260 2227 359 2290 Tacito,
375 2241 426 2275 non
445 2223 503 2276 edis
522 2226 650 2277 historicis
660 2241 731 2276 usur·
769 2242 830 2278 nem
848 2227 1008 2291 extenditur,
1025 2227 1051 2276 iu
1062 2241 1114 2292 qus
1129 2233 1159 2275 et
1176 2225 1306 2275 Picenum

196 2310 297 2368 petum,
308 2309 336 2352 ut
355 2303 380 2351 in
399 2302 490 2367 oppidi
500 2301 639 2364 mentione,
649 2303 730 2365 regio·
770 2310 819 2354 est.

196 2393 250 2428 uem
268 2379 350 2428 ltutioe
366 2378 518 2442 adjungent.
551 2379 587 2427 Et
606 2385 636 2427 ut
657 2378 684 2427 id
703 2379 729 2428 iu
803 2379 907 2442 Reginoi
927 2383 1004 2428 seutoe
1022 2378 1167 2442 umignetur
1183 2375 1307 2438 Umbria,

196 2454 255 2512 loco
266 2455 394 2517 ignotiore
406 2453 460 2516 iiat,
471 2453 533 2517 qnid
544 2467 610 2516 opus
627 2453 653 2502 iu
664 2455 730 2504 Tur·
770 2462 799 2505 et
813 2471 872 2523 quae
884 2453 1021 2506 Anconem
1032 2455 1100 2505 inter
1111 2461 1139 2503 ct
1156 2451 1306 2503 Ariminum

197 2530 292 2593 tucino,
312 2529 453 2594 municipio
478 2535 532 2578 tum
557 2529 642 2580 vicino
661 2529 730 2596 urbi,
770 2545 826 2582 oro.

196 2612 250 2658 tm
261 2607 341 2657 uoto?
802 2609 932 2671 Reginum
947 2608 1072 2672 ssptissm
1082 2605 1216 2656 constituit
1225 2606 1307 2655 Etru·

227 2683 351 2746 Denique
370 2681 431 2732 libri
453 2683 532 2732 etiem
557 2680 583 2731 in
609 2681 654 2732 iiio
672 2683 729 2746 ipso
769 2685 818 2747 rie,
839 2684 910 2734 inter
929 2685 1038 2733 Finnren
1059 2683 1175 2732 Moesum
1202 2688 1231 2730 et
1259 2681 1308 2730 'li-

195 2758 277 2809 verbo
292 2759 425 2808 vacilleut.
459 2757 527 2808 Num
542 2758 671 2808 Vaticano
688 2763 730 2808 est
769 2759 847 2810 brim

198 2834 337 2884 forastum
351 2833 495 2896 unicipio:
512 2833 619 2883 Parnes.
642 2833 729 2883 Tures-
801 2835 880 2897 Regio
900 2839 983 2884 octono
1002 2838 1045 2883 est
1066 2838 1124 2882 toto
1152 2832 1199 2882 ilis
1228 2831 1305 2896 regio

194 2909 269 2968 tiuoe,·
293 2907 386 2973 priscis
407 2907 571 2971 editionibus,
592 2908 728 2960 Tarentino.
768 2925 827 2974 quae
848 2909 881 2959 nb
902 2908 1051 2958 Occidente
1076 2907 1198 2957 limitibus
1219 2914 1305 2958 sextu

196 2981 292 3034 Mirum
306 2996 379 3044 vero,
389 2983 409 3031 si
423 2981 481 3031 libri
493 2996 582 3032 omnes
593 2983 620 3032 iu
631 2983 728 3048 oppido
769 2985 880 3048 regionis
891 2983 998 3047 assidet,
1016 2983 1085 3034 iuter
1097 2983 1261 3046 Apenninum
1273 2989 1305 3033 et

83 3083 88 3092 r
196 3059 275 3110 toties
282 3059 340 3121 jum
352 3064 413 3108 ente
424 3059 479 3107 sine
490 3072 576 3107 errore
588 3059 640 3109 ulio
648 3059 727 3109 nomi·
769 3059 880 3123 Pedum,
896 3061 1064 3125 continetque
1080 3059 1234 3122 Ariminum,
1250 3060 1304 3110 Rs·

195 3141 267 3195 noto,
277 3133 320 3182 tric
331 3133 432 3182 demum
444 3129 585 3183 offendent.
767 3150 887 3198 sennem,
897 3137 1050 3201 Bononiam,
1061 3136 1212 3202 Brixellum,
1219 3138 1304 3186 Muti·

157 3207 159 3212 '
227 3209 265 3258 At
273 3222 321 3272 pro
331 3208 427 3270 regione
438 3207 528 3270 itolioe,
538 3209 606 3258 subit
616 3210 727 3274 opinari,
766 3227 837 3275 num,
846 3213 976 3277 Permessi,
985 3213 1156 3276 Piscentisrn,
1165 3217 1216 3266 &c-

195 3285 286 3347 origine
304 3284 403 3334 italico.-
420 3298 472 3333 non
489 3292 608 3334 exterum
627 3285 729 3336 scilicet
800 3291 878 3352 Regio
896 3305 967 3355 sesso,
985 3288 1071 3340 fluviis
1087 3291 1301 3342 MecruetVero

194 3359 282 3422 inisse,
294 3367 323 3410 ut
335 3369 397 3410 tnnc
409 3360 435 3409 in
448 3367 541 3409 seusun
552 3359 665 3424 plurimi,
675 3375 727 3412 uon
767 3367 916 3428 terminate,
925 3366 1122 3430 comprehendit
1132 3366 1274 3431 Ligurium.

194 3437 276 3488 solum
287 3435 371 3484 multi.
402 3434 510 3498 lipsius.
799 3442 1302 3506 Regimendeciseussoccupotvenetie,

226 3510 332 3573 Region
343 3510 431 3569 [tolie.
445 3510 580 3560 Torruoiuoe
588 3512 726 3576 municipio]
766 3519 926 3581 ets-egium
943 3519 1090 3568 wdecim
1106 3518 1195 3569 (iuliis
1207 3519 1300 3568 'liuns-

194 3587 306 3638 Veteres
323 3585 382 3635 iibri
399 3585 501 3648 legunt:
521 3586 627 3648 meuse
638 3587 726 3652 teuta,
766 3593 876 3659 pudens.
908 3595 1023 3644 smnus.

194 3662 263 3712 nullo
275 3674 378 3725 prorsus
389 3675 493 3714 numeto
504 3661 604 3713 addito.
629 3664 725 3714 Mirum
798 3671 878 3721 Forte
897 3675 965 3719 ortus
981 3670 1008 3718 in
1030 3670 1115 3734 dictio,
1131 3685 1146 3720 c
1163 3670 1301 3722 ibrum

194 3745 244 3802 est,
261 3751 277 3786 ι
293 3737 446 3802 quibusdem
467 3739 621 3789 romum
634 3740 725 3791 tricie-
765 3746 901 3810 meeipm.
928 3746 997 3796 Nem
1016 3745 1086 3810 quod
1108 3747 1208 3810 legunt,
1221 3755 1299 3797 ustus

194 3813 314 3882 gentibus
325 3814 413 3876 inseri,
423 3816 554 3879 explendo
571 3817 726 3881 senonicus·
766 3819 1006 3880 Toncmmforte
1021 3820 1101 3878 follit.
1134 3821 1228 3872 Potius
1245 3822 1300 3872 orti

194 3893 262 3956 tino,
287 3889 320 3940 ab
341 3889 398 3940 siiis
415 3892 533 3949 amedu
556 3905 616 3942 cum
638 3899 725 3942 temen
765 3896 803 3946 itti
820 3910 836 3946 e
854 3896 1002 3960 municipiis
1020 3896 1120 3946 lteiicis
1137 3904 1166 3947 et
1184 3898 1212 3946 in
1233 3897 1300 3948 urire

193 3965 358 4022 luceolurius
376 3965 418 4032 sit,
434 3967 512 4032 primo
530 3967 658 4019 contineri
673 3968 724 4020 Itu·
765 3974 830 4039 neti,
847 3975 893 4040 qui
909 3975 1018 4025 bonores
1035 3988 1097 4039 pop.
1116 3975 1149 4024 R.
1172 3975 1301 4040 adipisce-

193 4043 234 4092 tio
243 4045 347 4106 regim
766 4051 873 4103 buntur:
898 4067 1008 4117 qnorum
1021 4058 1142 4116 potentes
1160 4052 1217 4116 jum
1234 4059 1298 4103 oute

224 4117 296 4176 Nom
312 4119 397 4176 tidie
415 4133 449 4174 ex
464 4119 578 4190 Augusti
599 4121 724 4176 dvisione
764 4129 857 4182 incute
868 4128 1174 4188 urnisototvesltomt
1185 4134 1271 4182 erent.
