2925 4742
248 305 340 376 3122
575 325 635 376 .c.
658 325 840 404 coenatu
863 325 990 376 racrrr
1191 334 1357 400 [uuas.

249 473 437 558 spondent:
459 469 578 551 ‘Quae
591 471 702 554 prima
714 471 878 536 libertatis
889 472 1033 536 facultas
1048 471 1127 538 data
1141 481 1204 552 est,
1222 475 1360 542 aridius

247 594 350 658 quam
362 575 507 652 cautius,
520 576 712 650 sumsimus,
723 580 762 638 ut
774 576 870 638 vobis
882 577 1069 659 ceterisque
1078 575 1267 654 Germanis,
1277 597 1361 642 con-

247 677 438 757 sanguineis
461 679 593 754 uostris,
615 675 836 759 jungeremur.
890 676 1010 740 Muros
1038 679 1196 757 civitatis,
1222 698 1361 762 congre·-

248 779 401 858 gautibus
416 799 453 842 se
467 786 562 842 cum²
585 779 733 842 maxime
749 777 979 847 Romanorum
999 781 1213 859 exercitibus,
1236 799 1360 862 augere

247 880 357 957 nobis,
372 899 474 962 quam
488 880 630 957 diruere,
646 880 752 943 tutius
772 885 834 944 est.
879 880 916 944 Si
932 881 1048 964 quiex
1064 880 1176 958 Italia,
1200 890 1258 947 aut
1279 901 1362 966 pro-

247 981 383 1058 vinciis,
398 981 593 1063 alienigenae
606 982 775 1054 infinibus
789 984 911 1051 nostris
924 983 1065 1060 fuerant,
1088 1003 1148 1048 eos
1163 985 1286 1049 bellurn
1299 985 1362 1052 ab·

248 1084 380 1162 sumsit,
396 1085 451 1148 vel
470 1085 505 1147 iu
518 1103 598 1147 suas
617 1083 759 1166 quisque
775 1083 870 1147 sedes
882 1084 1040 1166 refugere.
1085 1085 1262 1150 Deductis³
1277 1087 1363 1150 olim

248 1191 283 1249 et
296 1185 472 1252 nobiscum
487 1205 548 1268 per
555 1185 758 1249 connubium
770 1187 917 1264 sociatis,
927 1187 1050 1270 quique
1061 1205 1143 1252 mcx
1152 1197 1365 1271 provenere,⁰

248 1287 325 1360 baec
338 1287 448 1372 patria
462 1292 522 1351 est.
568 1287 643 1351 Nec
658 1307 721 1351 ros
735 1288 819 1353 adeo
839 1288 974 1372 iniquos
996 1289 1238 1369 existimamus,
1255 1298 1292 1356 ut
1312 1293 1364 1356 in·

249 1388 356 1452 teriici
369 1408 392 1452 a
405 1390 504 1459 nobis
516 1394 682 1471 parentes,
697 1389 826 1466 fratres
840 1391 965 1453 liberos
980 1396 1113 1456 nostros
1127 1393 1247 1458 velitis.
1270 1393 1366 1458 Vec-

251 1490 332 1572 tigal
354 1496 388 1554 et
410 1509 510 1554 onera
531 1491 806 1554 commerciorum
829 1491 1041 1555 resolvimus.
1087 1491 1187 1557 Sint*
1201 1495 1363 1558 trmrsitus

251 1592 467 1671 incustoditi3
489 1593 550 1656 sed
564 1592 673 1656 diurni
694 1599 727 1656 et
747 1595 903 1658 inermes:
927 1593 1032 1658 donec
1047 1613 1137 1658 nova
1158 1601 1193 1659 et
1212 1596 1364 1660 recentia

245 1693 344 1775 jurae
371 1695 405 1756 in
434 1699 633 1759 venustatem
663 1695 923 1762 consuctudiue⁵
951 1695 1145 1762 venantur
1188 1695 1365 1764 Arbitrum

250 1795 445 1859 habebimus
461 1794 601 1861 Civilem
622 1798 655 1862 et
667 1796 844 1874 Veledam,
860 1799 951 1881 apud
972 1817 1058 1882 quos
1083 1803 1185 1883 pacta
1208 1799 1365 1862 sancien-

252 1894 327 1962 tur.'
371 1897 430 1963 Sic
453 1899 566 1963 lenitis
587 1898 769 1978 Tencteris,
798 1901 899 1982 legati
921 1899 964 1966 ad
988 1900 1129 1966 Civilem
1152 1910 1186 1966 et
1198 1900 1366 1966 Veledam

253 2107 339 2169 prima
360 2105 491 2155 libertatis
522 2105 624 2155 occasio
653 2104 771 2154 exhibita
792 2109 842 2166 est,
872 2119 923 2155 esra
954 2107 1073 2169 cupidius
1103 2123 1178 2172 quam
1210 2107 1366 2172 prudentius

254 2169 449 2247 occupavimus,
468 2177 499 2218 ut
520 2169 703 2218 accederemus
723 2169 797 2218 vobis
819 2169 928 2234 aliisque
948 2170 1094 2234 Genuanis,
1112 2172 1237 2222 fratribus
1258 2175 1366 2226 niustria

253 2235 352 2284 Moenia
363 2236 472 2284 colourae
480 2233 582 2282 firmare
594 2233 761 2296 nobis,'qusm
773 2239 903 2295 evertere,
915 2235 1006 2284 melius
1016 2241 1069 2297 est,
1076 2249 1143 2286 unsre
1152 2237 1287 2300 praecipue
1306 2253 1367 2288 cunr

254 2300 444 2348 contrabuntur
464 2298 595 2347 exercitus
612 2299 796 2346 Romanorum.
829 2298 858 2346 Si
869 2299 913 2364 qul
925 2313 958 2347 err
970 2299 1059 2359 Italia,
1071 2307 1142 2350 aute
1160 2303 1309 2363 prouinciis,
1321 2317 1367 2352 ex·

163 2423 166 2429 1
253 2365 339 2413 tranei
351 2363 378 2412 iu
390 2363 495 2425 regione
508 2369 597 2410 nostra
607 2361 722 2422 fuerant,
743 2361 801 2410 illos
822 2360 918 2412 bellurn
939 2363 1054 2423 abstulit,
1065 2365 1108 2412 vel
1126 2365 1151 2413 iu
1169 2379 1241 2414 susus
1253 2367 1366 2432 quisque

253 2428 365 2491 patriam
378 2427 471 2494 dilapsi
484 2434 552 2476 suut.
577 2424 708 2475 Deductis
719 2425 781 2474 olim
794 2427 890 2488 colosis,
901 2433 929 2476 at
941 2428 1074 2477 uobiscum
1085 2428 1208 2492 conjugio
1221 2431 1367 2494 permixtis,

254 2493 350 2558 quique
361 2499 452 2554 postes
463 2492 518 2540 uati
529 2496 598 2553 sunt,
608 2491 663 2537 bac
675 2489 763 2538 nativa
774 2489 849 2538 sedes
861 2497 912 2539 est.
947 2490 1005 2540 Nec
1018 2505 1063 2539 vos
1073 2493 1139 2544 adeo
1160 2494 1270 2556 injustos
1289 2503 1366 2560 puts·

253 2572 321 2617 snus,
330 2564 360 2606 ut
368 2555 484 2620 jubeatis
496 2555 579 2604 occidi
591 2569 606 2603 a
617 2554 691 2602 nubis
701 2560 833 2617 parentes,
845 2553 950 2616 fratres,
959 2555 1072 2604 sobolem
1084 2565 1207 2608 nostram.
1224 2559 1367 2609 'l'ributum

254 2629 283 2671 et
295 2619 434 2684 vectigalia
442 2620 565 2669 mercium
575 2619 714 2667 abolemus.
748 2618 808 2666 Sint
818 2618 915 2667 itinera
926 2620 1018 2682 pervia
1029 2626 1056 2670 et
1066 2629 1173 2683 aperts3
1192 2621 1237 2670 sed
1249 2623 1366 2672 interdiu

250 2681 357 2735 tanturn
370 2691 397 2733 et
407 2685 464 2734 siue
481 2684 558 2732 aruris
569 2697 697 2732 erasme
707 2682 792 2732 liceat:
809 2681 870 2731 dum
887 2696 954 2731 nova
972 2691 999 2733 at
1017 2683 1251 2744 receatiaioeders,
1269 2688 1367 2736 coalita

255 2757 389 2800 uetustate
405 2750 431 2797 iu
448 2761 545 2797 morem
564 2748 720 2796 errleseant.
753 2745 873 2797 Judlcem
894 2760 1050 2796 assumemus
1063 2749 1172 2798 Civilem
1190 2752 1367 2812 etveledsru,

256 2813 327 2878 apud
340 2827 406 2880 quos
416 2812 579 2865 conditiones
591 2813 664 2877 pacis
674 2810 852 2862 firmabuntur.
878 2811 919 2862 Itu
926 2812 1031 2878 pluentis
1043 2813 1172 2877 Tendens,
1182 2815 1249 2864 uisui
1259 2821 1367 2868 umores

721 2958 900 2981 ”noeoeane

254 3065 333 3115 Bodl.
344 3065 399 3117 Jes.
410 3063 500 3114 Guelf.
511 3071 540 3114 et
551 3063 720 3126 Puteolanus,
730 3071 803 3117 ma.
820 3064 984 3116 Bretian-l
1002 3065 1043 3115 lta
1056 3065 1125 3115 bene
1136 3065 1188 3114 bis.
1200 3063 1269 3129 Reg.
1281 3064 1366 3116 editio

253 3131 380 3194 princeps
390 3136 418 3180 et
429 3129 596 3178 recentiores.
629 3131 694 3179 Mes.
706 3131 784 3180 liudi.
797 3130 853 3182 Jes.
872 3137 902 3180 et
917 3130 1087 3192 Puteolanus,
1106 3135 1156 3180 turs
1167 3131 1278 3179 naim.
1313 3129 1366 3180 bis.

252 3197 398 3246 Gorbeus
408 3193 530 3245 mass.
546 3194 679 3244 Idem—³
698 3196 856 3245 licuisset
874 3200 977 3244 veteres
995 3195 1207 3258 recentioresque
1226 3194 1368 3245 editiones.

252 3259 289 3322 ,lu
309 3258 470 3309 intermediis
508 3258 652 3320 nibusdaur,
670 3260 815 3310 eductis—l
841 3259 907 3309 Mss.
928 3258 1003 3309 llari.
1025 3259 1100 3308 Bodl.
1119 3258 1175 3310 Jes.
1192 3263 1306 3308 sum-s
1323 3259 1367 3308 Sic

255 3324 324 3374 bene
336 3324 399 3373 Mss.
411 3323 479 3373 Flor.
519 3339 555 3386 gr.
567 3324 632 3386 Reg.
644 3323 751 3372 Farnes.
764 3321 867 3386 Lipsius
883 3330 911 3373 at
927 3323 1096 3372 recentiores.
1130 3323 1202 3372 Male
1217 3323 1271 3372 Ms.
1285 3323 1367 3374 Gorb.

257 3396 287 3436 et
298 3387 379 3438 editio
396 3388 527 3451 princeps,
539 3389 564 3435 iu
583 3392 725 3437 estuantem
737 3388 933 3436 eomuetudissem.
968 3387 1000 3435 lu
1012 3387 1077 3436 Mes.
1090 3387 1165 3437 llari.
1177 3381 1254 3436 Bodl.
1266 3386 1325 3438 Jes.
1340 3389 1367 3462 is

256 3456 420 3502 uersare-er
438 3452 613 3501 consuetudine.
646 3453 815 3514 Puteolanus,
835 3454 862 3500 ia
877 3455 1017 3500 111111111111
1036 3455 1061 3500 et
1082 3452 1281 3501 cousuetudinem.
1323 3452 1366 3500 Sic

257 3531 362 3583 quoque
373 3517 426 3567 Ms.
438 3517 513 3567 Harl.
528 3517 610 3581 prima
627 3530 713 3566 mauu.
742 3517 903 3567 Baetica-b
921 3517 1049 3567 Versantur
1065 3513 1164 3566 babent
1183 3515 1235 3565 bis.
1254 3515 1322 3579 Reg.
1337 3522 1367 3565 et

756 3685 866 3737 NOTAE

291 3810 304 3835 ⁰
329 3803 421 3866 Quiane
442 3816 497 3850 aar
517 3801 653 3865 processere]
684 3799 718 3851 ld
741 3806 792 3865 est,
825 3800 892 3864 jura,
910 3787 954 3848 s'eu
973 3811 1046 3848 nova
1066 3797 1148 3863 leges,
1165 3795 1258 3862 quibru
1276 3799 1367 3848 mutus

258 3879 313 3934 Qui
324 3895 358 3930 ex
369 3881 408 3929 eis
418 3879 473 3928 nati
484 3884 552 3928 sont.
580 3878 694 3928 Pir-lurra.
832 3877 988 3940 obligantur.
1006 3877 1072 3928 Quae
1086 3881 1172 3924 tamen
1177 3872 1296 3933 1111111111
1308 3885 1367 3936 pes·

251 4015 257 4020 ,
293 3943 694 4017 insaecaovaerrecertiajnra]
711 3953 792 4004 Intel·
833 3951 1368 4016 suut,statimcoalescere‚autratasaac·

258 4034 320 4098 ligii
330 4033 492 4083 conditiones
509 4038 536 4082 et
554 4037 639 4095 pacta,
650 4030 683 4078 de
700 4030 792 4094 quibus
832 4037 913 4096 taque
924 4029 1021 4092 baberi,
1031 4028 1079 4078 risi
1096 4029 1172 4090 louge
1182 4027 1255 4092 pacis
1269 4033 1298 4092 et
1310 4041 1369 4092 per·

260 4099 488 4172 penctransiguut
505 4105 747 4156 interseGermaui
764 4112 792 4154 et
832 4112 920 4171 petum
941 4103 1004 4154 fidei
1031 4102 1194 4167 experientia
1219 4103 1369 4170 approbate

261 4183 480 4250 Agrippinenses:
498 4198 556 4250 que
573 4190 793 4249 pactasuutrrsrs
832 4180 986 4248 firmataque
997 4178 1104 4234 luerint.
