2925 4742
113 325 143 380 t.
158 323 258 388 oro]
427 317 694 372 uterontnnuu
719 321 793 372 nra.
815 324 852 374 v.
1095 363 1104 372 .
1130 313 1219 379 3205

116 463 152 527 in
172 469 310 528 metum·
336 462 520 529 eruebam:
553 467 705 548 pluribus
730 467 904 551 persuasio
926 469 1042 548 inerat,
1067 470 1216 555 antiquie

117 563 335 630 Sacerdotium
365 563 476 630 literis*
504 569 677 648 contineri,
706 589 749 634 eo
776 570 852 654 ipso
888 576 1036 654 tempore
1063 571 1144 650 iore,
1181 579 1218 639 ut

114 665 300 732 valesceret
310 665 441 743 Oriens,
454 667 660 752 profectique
671 670 694 734 J
695 670 795 736 udaea
806 691 913 736 rerum
928 673 1124 755 potirentur:
1140 691 1217 756 qum

116 769 273 850 ambages
288 767 534 851 Vespasianum
557 787 598 833 ao
623 769 737 834 Titum
762 771 1008 854 praedixerant.³
1053 773 1121 838 Sed
1144 775 1217 840 vul·

115 885 190 948 gns,
203 887 296 932 more
316 869 471 936 humanae
487 868 681 953 cupidinis,”
704 874 771 937 sibi
791 878 918 938 mutam
931 873 1074 938 fatorum
1088 876 1216 958 magni·

108 1047 1216 1180 &melioramentum

114 1176 314 1239 adipiscerentur:
336 1193 387 1241 ouo
406 1179 576 1240 arnbigniloter
594 1178 789 1244 unitionem
812 1180 981 1241 Verporirrarr
997 1194 1026 1227 oo
1047 1180 1135 1232 Nure.
1167 1180 1217 1231 Sed

113 1241 221 1305 papatu,
231 1255 276 1304 pro
286 1255 349 1290 moro
367 1242 503 1291 ambitionis
513 1242 647 1291 mortalium
657 1243 744 1291 animia
762 1241 853 1306 irrita,
863 1247 955 1292 tortum
960 1241 1069 1302 fortuna
1079 1245 1216 1308 amplitudi-

576 1387 723 1408 OOOOOOO
725 1389 754 1409 Ν

115 1491 144 1534 et
153 1482 268 1534 editione
279 1481 407 1547 principe,
417 1489 514 1548 opertae⁸
532 1483 583 1534 ilie.
591 1483 647 1535 Jer.
659 1499 775 1547 repara.
795 1485 959 1535 Brotier.-t
974 1485 1040 1534 idae.
1051 1483 1126 1535 Harl.
1137 1483 1215 1538 Bodl.

111 1549 140 1596 ιἰι
150 1553 223 1596 metu.
256 1547 347 1598 Altera
360 1563 436 1598 manu
456 1549 482 1598 ln
500 1549 551 1598 Ma.
564 1549 639 1597 Harl.
660 1549 835 1608 emendatum,
846 1553 990 1598 metum-³
1008 1547 1051 1598 Ita
1061 1549 1137 1612 vulgo
1148 1549 1215 1598 Mra.

113 1613 272 1662 Puteolannr
283 1618 312 1662 et
320 1625 406 1662 omnen
417 1612 475 1662 libri
488 1617 579 1676 pottea
589 1613 661 1664 editi.
694 1612 726 1662 In
739 1613 804 1662 Mar.
821 1613 892 1662 Flor.
910 1614 976 1676 Reg.
991 1619 1019 1662 et
1035 1612 1085 1662 Ed.
1102 1627 1143 1676 pr.
1152 1627 1216 1676 prae·

112 1677 224 1728 tismr:
241 1677 310 1742 quod
329 1677 457 1742 approbat
473 1677 531 1729 dac.
548 1678 664 1728 Gronov.
697 1678 736 1727 At
746 1678 827 1742 magia
842 1678 931 1742 placet
943 1677 1124 1742 peditarum
1141 1685 1168 1726 et
1180 1691 1215 1726 ex

607 1841 717 1892 NOTAE

113 1967 209 2021 efferre
224 1985 300 2024 auena
319 1979 367 2025 eat.
400 1972 522 2040 Anquod
540 1973 644 2023 Latino·
686 1972 788 2022 audnre
815 1969 954 2034 repentina
977 1982 1042 2019 voce
1068 1967 1217 2032 clamatum,

111 2059 170 2096 rum
180 2049 282 2112 qnidam
290 2052 459 2102 monumentis
471 2051 644 2114 tradiderunt,
683 2051 857 2101 Transeamus
868 2045 945 2096 binc?

112 2123 451 2190 evocationeaqnandamae
464 2127 581 2176 Deorum
598 2140 643 2174 ve·
715 2129 724 2159 ⁸
746 2124 858 2188 Artiqrit
876 2121 1029 2170 &muare
1054 2117 1143 2182 morio]
1173 2118 1217 2168 Sia

113 2199 207 2251 aeneia
223 2217 278 2254 erre
295 2210 462 2267 putauerunt,
478 2203 568 2267 quibus
582 2215 643 2268 quo·
684 2201 896 2266 negredinem.
908 2198 916 2226 ‘
928 2194 1216 2260 luterqnoeillndprae-

111 2275 183 2324 niam
199 2278 247 2341 ipai
262 2279 373 2328 leontium
392 2279 465 2328 Deor
485 2291 595 2326 evocare
615 2283 644 2326 et
683 2279 904 2340 minutissimum,
919 2273 988 2340 qnod
1004 2274 1031 2322 in
1046 2271 1129 2322 literir
1142 2286 1217 2336 mque

114 2349 148 2398 ad
171 2364 200 2399 re
221 2351 358 2402 traducere
385 2351 588 2412 contunderent,
609 2365 643 2400 ne
682 2347 1218 2420 retardationeaacrarroeabantfflane.

111 2423 182 2475 idern
190 2426 240 2490 ipai
257 2432 418 2490 paterentur,
433 2439 589 2490 magnopere
600 2440 644 2476 ve·
682 2433 730 2482 bat
745 2433 908 2494 impressum,
919 2425 988 2492 qnod
999 2425 1140 2475 secundnm
1151 2425 1216 2474 illud

113 2500 257 2551 rebantur?
273 2502 494 2555 Quemadmodum
505 2503 643 2565 igitur'l’y·
683 2507 791 2571 tempus
804 2505 907 2554 futurus
923 2508 993 2551 erret
1007 2501 1055 2564 vir,
1066 2501 1110 2565 qui
1126 2502 1159 2550 de
1176 2515 1217 2551 η.

113 2577 147 2626 rii
159 2577 261 2628 uincula
278 2581 372 2629 atatnir
387 2579 513 2644 injiciunt,
523 2578 568 2627 alli
583 2591 644 2628 vero
686 2583 761 2646 glane
777 2593 866 2630 eorum
883 2577 1018 2641 imperium
1034 2581 1175 2625 muneret
1190 2577 1218 2625 iu

112 2667 250 2716 rponrorea
268 2662 360 2718 petere
377 2653 507 2717 dicuntur,
527 2653 549 2702 ai
568 2667 645 2719 qnem
685 2657 776 2707 orbem
798 2662 932 2705 terrarum.
974 2651 1040 2702 Qua
1060 2665 1102 2700 rer
1124 2665 1169 2700 eoa
1190 2651 1218 2700 ln

113 2727 231 2778 Deorum
243 2727 275 2778 ad
292 2730 433 2791 lavacrum,
450 2736 494 2779 ant
513 2728 645 2793 purgatio-
684 2737 761 2781 tanto
778 2729 864 2780 furore
883 2725 981 2792 poenit,
994 2731 1025 2775 ut
1039 2724 1089 2774 ribi
1107 2739 1159 2774 non
1177 2739 1218 2775 ro·

112 2815 173 2851 nem
183 2803 295 2868 aliquam
306 2803 452 2854 deducunt:
470 2803 507 2853 alc
524 2803 645 2866 Romani,
684 2805 737 2855 lum
757 2805 915 2866 libertatem,
939 2799 987 2850 aed
1007 2800 1085 2850 etiam
1107 2813 1217 2863 regnum

114 2877 183 2942 quod
207 2892 329 2928 areanum
351 2886 379 2929 et
398 2879 557 2942 incognitum
578 2888 646 2929 earet
685 2881 889 2948 pollicerentur!

113 2951 168 3002 Del
189 2965 293 3017 nomen,
313 2953 485 3003 tirmierlmam
502 2969 532 3006 ac
549 2954 646 3004 tntiaai-
717 2959 762 3008 Sic
773 2957 923 3007 omnialoea
933 2961 988 3005 tum
1003 2951 1128 3017 temporit
1139 2951 1218 3016 plena

113 3037 181 3077 mam
203 3029 256 3077 Det
279 3027 423 3078 custodiam
450 3043 507 3078 erre
528 3028 646 3079 credide·
684 3033 740 3085 fere
748 3033 961 3098 superstitionum
970 3027 1135 3081 etvaniratir.
1148 3027 1218 3078 Nam

114 3111 183 3156 runt.
200 3103 242 3154 Αιι
252 3103 553 3157 aicutliomernrliurit:
566 3109 646 3158 'l'erra
685 3110 777 3160 eodem
790 3118 906 3172 tempora
917 3107 1023 3156 Druidae
1036 3105 1177 3166 Gallorum,
1189 3109 1219 3154 et

113 3193 177 3230 vero
188 3181 328 3231 eommunia
343 3188 382 3232 ert
397 3181 537 3243 hominum,
553 3189 584 3233 ut
602 3184 646 3233 lto·
684 3184 802 3235 fatidica
813 3179 1218 3247 virgineaGermtnorum,etlam

113 3257 196 3306 mines
216 3259 289 3308 Deoo
310 3271 398 3308 omnes
420 3259 509 3308 colant
526 3275 557 3310 ac
567 3274 644 3311 reue·
683 3269 711 3311 et
723 3261 906 3324 Hispanorum,
918 3255 967 3307 ribi
978 3253 1168 3320 pollicebantur
1178 3253 1217 3301 in-

114 3340 215 3397 reutur,
241 3341 337 3384 terram
355 3333 528 3385 communiter
547 3335 644 3386 baben·
683 3337 768 3387 vicem
786 3335 940 3398 imperinm:
957 3331 1025 3397 quod
1047 3336 1120 3380 certe
1136 3329 1219 3380 contl-

113 3415 170 3459 ter:
188 3407 226 3459 aie
240 3417 342 3459 veterer
354 3407 463 3459 Romani
475 3411 560 3459 Duum
579 3413 644 3460 ralu-
685 3414 733 3477 git,
744 3410 791 3462 red
802 3410 878 3460 aliter
889 3413 965 3474 qnam
977 3421 1024 3471 pro
1035 3421 1081 3472 ape
1097 3405 1218 3471 rotisque

114 3483 148 3533 tlr
171 3492 304 3535 auctorem
323 3486 483 3544 celaverunt,
504 3485 574 3549 quod
595 3501 646 3539 non
686 3487 811 3552 gentium,
827 3492 857 3535 et
873 3484 906 3534 ad
924 3484 1003 3534 breve
1022 3489 1134 3547 tempus,
1145 3483 1219 3548 quari

115 3573 175 3609 eam
183 3562 274 3623 tolum,
291 3561 337 3610 red
359 3573 447 3610 omnen
469 3561 542 3610 Deos
561 3577 576 3610 a
594 3561 645 3611 rulr
685 3572 717 3614 ut
738 3563 919 3624 illuderentur,
940 3559 1052 3625 liitpani
1073 3562 1100 3609 in
1122 3558 1220 3621 Galba,

114 3635 394 3686 orioniburnonorart
405 3635 570 3686 voluerunt?
687 3638 757 3689 Galli
776 3645 804 3688 et
824 3637 947 3688 Germani
965 3634 991 3684 iu
1003 3635 1090 3696 cirili,
1102 3631 1171 3681 torte
1189 3638 1218 3682 et

147 3713 269 3763 Euedero
279 3713 355 3776 neor]
365 3713 491 3778 Hegeuip.
501 3727 528 3763 r.
539 3717 578 3763 ll.
594 3711 647 3763 ‘lu
687 3715 765 3763 etiam
784 3715 810 3762 in
823 3713 939 3776 Vitellio,
955 3713 998 3761 eui
1018 3711 1097 3759 etiam
1115 3707 1219 3758 Druida

111 3781 171 3853 ipra
192 3796 278 3840 autem
301 3781 473 3840 Pentecosten
493 3789 648 3840 rolennitata
686 3789 790 3840 flemina
806 3790 964 3855 predixerat
984 3785 1129 3848 imperium,
1148 3791 1218 3833 teoto

113 3865 291 3929 ingredienter
308 3865 457 3915 raeerdoter
472 3865 497 3913 in
508 3865 599 3929 templi
610 3866 648 3914 iu·
686 3865 826 3916 Suetonio:
844 3863 912 3930 quod
933 3859 1096 3924 gentilitate
1109 3856 1218 3908 ducibui!

112 3941 211 3989 teriora
229 3947 355 3991 nocturno
376 3949 502 4005 tempore,
521 3947 551 3990 nt
571 3941 648 3990 rauri-
687 3941 769 3990 exitio
780 3935 1022 4003 fuit,panlominur
1035 3940 1124 3984 tamon
1139 3947 1218 3998 qnam

114 4014 174 4064 licia
191 4021 295 4065 anneta
306 4015 479 4081 celebrarent,
490 4015 573 4079 primo
594 4029 647 4064 mo·
685 4015 796 4067 Jndeir.
1205 4043 1210 4051 ·

114 4098 170 4140 tum
192 4091 321 4157 quendam
341 4091 451 4141 nentina
478 4105 506 4140 re
524 4089 644 4154 prodide·
717 4098 730 4123 ¹
746 4091 818 4140 More
835 4089 943 4138 lamma
962 4085 1208 4152 rupidirit11deot

111 4169 186 4234 ruat,
194 4173 223 4217 et
233 4181 323 4218 nuum
333 4165 457 4232 auditam,
465 4173 557 4232 postea
565 4164 644 4216 etiam
683 4181 715 4217 ex
731 4173 827 4216 natura
842 4178 889 4216 ren
904 4163 1009 4228 ingente
1023 4162 1218 4230 hominurn,·qni
