2925 4742
255 322 345 393 uouit
605 339 639 390 u.
662 335 844 390 couunnu
866 337 994 389 rscrrr
1215 339 1266 404 [a
1277 341 1378 395 uara

256 483 372 550 civilia
383 481 424 548 de
438 502 474 548 se
488 487 534 548 et⁵
545 479 757 567 Reipublicae
768 485 913 568 egregia:
927 502 989 548 nec
1004 481 1166 549 Senatus
1182 479 1379 566 obsequium

255 586 377 652 deerat.
423 583 498 668 Ipsi
519 585 749 652 ‘Consulatus
767 605 846 650 cnm
865 586 945 652 Tito
967 586 1050 666 tilio,
1073 585 1242 650 Praetura
1262 585 1377 652 Durni-

256 689 349 752 tiano
364 691 397 750 et
408 685 590 752 consulare
603 688 803 772 imperium’r
817 687 1048 753 decernuntur.
1206 705 1213 712 ·

297 792 330 853 4.
354 789 495 854 Miserat
509 797 543 855 et
557 791 739 855 Mucianus
753 791 915 874 epistulas
937 789 981 855 ad
998 791 1184 867 Senatum,
1206 809 1288 872 quae
1307 809 1377 856 ma·

255 893 370 956 teriam
384 892 591 956 sermonibus
601 893 793 974 praebuere:
810 895 820 928 ‘
833 891 863 954 si
877 893 1028 975 priuatus
1042 895 1155 968 esset,
1167 909 1233 954 cur
1245 893 1375 974 pubtiuo

254 979 478 1077 loqueret'irrt‘¹
499 994 650 1078 potuisse
660 993 790 1069 eadem,
806 1009 934 1074 paucos
947 997 1028 1076 post
1040 991 1135 1068 dies,
1148 991 1231 1054 ioco
1245 1000 1373 1057 senten·

253 1172 505 1286 agabimdsemt
522 1175 552 1224 de
568 1175 659 1240 Reput.
678 1176 883 1226 iaetoeteeints:
897 1173 1291 1239 seepetmdeerstobeepseto.
1324 1175 1372 1238 ipsi

253 1237 272 1287 S
297 1245 333 1299 to,
350 1239 499 1288 consulatus
515 1254 562 1288 sao
581 1253 640 1290 curm
657 1239 718 1289 'lito
736 1239 800 1304 titio,
816 1246 840 1290 et
859 1242 983 1304 pretoris
995 1240 1115 1304 dignitas
1128 1238 1295 1303 Domitiano,
1305 1239 1371 1288 sisset

257 1315 317 1352 cum
328 1301 436 1365 irnperio
444 1302 583 1363 consulari,
593 1304 736 1353 decernitur.

287 1365 421 1428 Scripserot
429 1367 500 1416 dum
512 1368 639 1417 Marionis
647 1369 729 1417 titerus
745 1370 777 1418 od
785 1373 904 1432 mse,
917 1385 970 1433 pue
980 1368 1229 1418 msiouersdedere
1240 1365 1318 1416 variis
1326 1381 1371 1416 seu

253 1429 378 1480 muns.-
395 1431 417 1479 si
436 1431 566 1494 privatum
584 1439 684 1495 egeret,
701 1447 748 1482 cur
765 1433 871 1498 publice
889 1434 1052 1497 scripsisset?
1070 1433 1185 1481 easdem
1203 1445 1248 1480 res
1265 1431 1368 1506 proponi

252 1494 370 1560 putuisse
386 1495 413 1544 is
430 1499 513 1546 eeuots
531 1495 601 1546 intra
621 1510 718 1562 paucos
735 1497 802 1562 dies,
821 1499 879 1548 loco
894 1499 1048 1547 sentemiae:
1068 1497 1128 1560 ipso
1141 1497 1220 1546 etioss
1229 1496 1368 1544 convicinis

715 1632 895 1654 “senonen

254 1725 375 1778 tentabat
392 1727 515 1792 Ryckins,
524 1733 548 1778 et
557 1729 636 1792 priseo
651 1730 875 1794 speeieferssideto.
908 1733 1073 1782 Brotier.-i
1094 1733 1143 1795 Et,
1153 1729 1256 1781 babent
1266 1730 1329 1779 urse
1337 1735 1364 1780 et

251 1798 356 1840 veteres
366 1791 501 1842 editiones.
524 1792 563 1842 At
573 1809 633 1844 trux
644 1795 670 1844 in
682 1795 721 1857 iis,
731 1810 782 1859 rep.
812 1796 879 1846 Inde
889 1797 1046 1846 emendabat
1056 1797 1198 1855 Muretus,
1209 1797 1241 1844 de
1249 1794 1362 1858 republica

250 1867 367 1970 gwerra
390 1855 553 1909 Metiuuiac.
564 1857 720 1923 Gronovius,
730 1867 810 1924 atque
822 1875 857 1910 ex
875 1877 924 1912 usn
941 1861 1038 1928 Taciti,
1056 1866 1082 1911 et
1100 1859 1244 1925 reipublice
1261 1859 1361 1921 egregie

748 2023 860 2076 NOTAE

249 2131 354 2181 modurn
364 2131 465 2182 civitem
476 2147 526 2183 non
542 2134 738 2199 egrederentur,
753 2142 783 2187 et
854 2138 899 2189 Sic
906 2139 976 2188 enim
985 2137 1121 2190 invehitur
1129 2137 1228 2188 Cicero
1238 2137 1265 2186 in
1276 2135 1306 2185 1.
1315 2135 1357 2184 Pi·

247 2213 371 2272 ‘tantratn
390 2207 518 2272 flagrante
535 2210 619 2261 adbuc
639 2211 783 2263 bettoscri·
822 2229 927 2266 sunem:
953 2215 1040 2269 ‘Quis
1060 2230 1179 2280 unqnsrn
1201 2212 1354 2279 provinciam

248 2285 341 2336 beret:
359 2294 476 2337 ceterum
486 2293 514 2336 st
522 2290 632 2352 princepe
644 2291 783 2355 scribebat,
821 2302 880 2340 euin
891 2292 1011 2341 exercitu
1021 2291 1151 2355 obtinuit,
1170 2290 1215 2354 qui
1231 2289 1312 2338 nutias
1322 2287 1352 2336 sd

248 2361 296 2411 sed
312 2369 400 2412 tamen
417 2363 544 2427 modeste,
565 2370 594 2414 et
610 2365 691 2415 ciritio
709 2368 739 2417 de
755 2382 781 2418 se
820 2375 937 2417 uastum
949 2369 1038 2418 itteris
1049 2367 1173 2417 miserit?
1187 2370 1286 2415 tantem
1297 2377 1352 2414 reru

246 2435 410 2502 loquebatur.
819 2443 980 2506 provinciam
990 2458 1050 2494 cum
1057 2449 1135 2494 tento
1144 2440 1283 2491 exercitui
1299 2439 1349 2488 ite·

280 2517 294 2552 Ρ
311 2513 440 2564 eunoun
449 2512 585 2578 imperium]
602 2515 730 2580 Intelligit
738 2534 780 2582 po-
819 2517 955 2567 cedonism
967 2519 1124 2581 presertim,
1135 2531 1198 2583 que:
1210 2515 1287 2566 :mus
1298 2513 1348 2564 bsr·

246 2591 357 2638 testoters
378 2589 529 2650 emerem,
540 2597 570 2640 ut
588 2591 725 2642 Suetonius
742 2595 779 2643 to·
819 2591 939 2642 buerunt
949 2590 1240 2656 gentibussttingitur!

247 2663 344 2727 quitur,
357 2664 498 2734 Domitian.
514 2680 535 2715 r.
546 2667 553 2694 ‘
566 2666 654 2716 Cesar
662 2669 780 2718 consatu—
851 2669 931 2719 Forte
941 2669 1083 2734 scripserat
1099 2669 1242 2718 Mucianus
1255 2666 1346 2716 senstoi

246 2741 453 2804 tatus,bonorern
469 2748 590 2804 pretore
603 2742 708 2792 urbana:
720 2758 779 2794 eum
819 2749 920 2794 tuntum
940 2745 973 2793 de
992 2744 1061 2794 betto
1077 2745 1175 2804 civiti:
1193 2741 1263 2807 quod
1278 2753 1346 2790 mmo

246 2819 379 2877 potestate
389 2816 515 2865 consulari
526 2817 657 2881 sucepit’
673 2818 779 2882 Lipsius.
819 2826 950 2869 attentare
961 2819 1012 2868 nisi
1024 2819 1148 2883 princeps
1160 2817 1258 2867 debuit.
1284 2815 1344 2865 Nam

280 2891 408 2941 Condere
429 2891 565 2956 imperium]
587 2893 640 2942 Dio
655 2893 701 2943 tib.
723 2907 778 2944 niv.
818 2896 841 2944 si
858 2897 972 2960 privatus
986 2897 1113 2961 loquitur,
1122 2894 1187 2963 quid
1197 2895 1223 2943 ei
1233 2907 1290 2942 cum
1300 2892 1345 2941 ue·

245 2964 298 3015 dno
318 2965 375 3029 ejus
396 2966 483 3030 cupite
504 2968 641 3030 exprimit:
677 2968 779 3020 ‘Quod
819 2971 880 3034 pub.
892 2986 951 3020 cunr
959 2971 1037 3033 betto,
1047 2971 1111 3036 qnid
1123 2984 1184 3020 curn
1202 2973 1291 3017 senato
1308 2965 1342 3014 rei

243 3039 381 3091 duodecim
393 3041 456 3105 ipsis
466 3041 549 3092 fasces
567 3057 670 3106 semper
681 3051 708 3093 et
717 3059 779 3110 quo·
818 3045 886 3096 fuit?
902 3047 995 3096 Potuit
1004 3047 1144 3096 Mucianus
1154 3045 1270 3098 scribere
1280 3041 1342 3092 doci·

244 3115 284 3166 vis
305 3115 363 3166 ioco
382 3117 577 3184 preferrentur,
596 3125 624 3168 et
644 3119 671 3168 in
692 3121 777 3170 medio
817 3123 864 3172 bue
892 3123 1030 3184 Ftsvisnis,
1051 3122 1121 3174 torte
1141 3130 1170 3173 et
1186 3120 1283 3172 consuti
1299 3131 1341 3168 ses

243 3191 374 3255 lictorum,
394 3207 439 3242 seu
455 3191 572 3256 fascium,
589 3193 636 3259 ilii,
654 3195 698 3259 qui
716 3210 776 3246 eon·
815 3199 973 3260 comuiibus,
984 3200 1018 3249 de
1029 3200 1107 3249 rebus
1115 3197 1264 3262 urgentibus
1275 3192 1337 3244 etsd

242 3268 328 3318 sutatn
336 3266 521 3334 iungebantur,
531 3269 596 3320 setta
607 3270 689 3320 curuli
701 3271 776 3322 sede·
817 3275 944 3339 Rernpub.
954 3275 1144 3340 spectantibus,
1154 3281 1184 3324 et
1190 3271 1290 3324 nomiae
1299 3269 1339 3318 iru-

242 3343 321 3394 rent!
348 3344 424 3396 Socii.
815 3351 983 3414 peritsotiuur
1000 3353 1149 3417 tsmeu,qui
1167 3351 1205 3401 sic
1222 3347 1337 3398 certium

275 3418 403 3469 :brume
414 3427 438 3469 et
450 3420 578 3470 Mucianus
584 3423 729 3486 epistotosod
736 3438 774 3472 ee·
815 3413 880 3478 deu
889 3428 1061 3479 admouerent
1068 3436 1167 3494 potres,
1176 3427 1255 3487 eires,
1263 3435 1336 3488 pupu-

241 3499 335 3558 mess,
345 3499 387 3560 du.
397 3511 440 3546 our
453 3496 545 3560 petie
559 3497 702 3562 meter]
721 3499 773 3548 Mi·
813 3506 918 3570 tumque
928 3505 1003 3557 Rom.

242 3569 295 3621 rsri
306 3570 384 3634 subit,
399 3586 446 3622 cur
464 3585 540 3622 nemo
564 3581 664 3636 prester
677 3574 773 3638 princi·
846 3580 884 3632 At
903 3595 956 3632 nou
978 3580 1071 3632 debuit
1092 3581 1211 3645 privetur
1228 3573 1332 3627 seribere

240 3661 302 3712 pem
321 3647 417 3699 audeat
443 3649 476 3698 ad
504 3655 622 3700 senatum
648 3652 773 3716 scribere,
812 3657 914 3706 senatui
932 3658 1064 3708 universo.
1097 3659 1133 3708 Et
1149 3657 1176 3706 id
1194 3652 1273 3704 setun
1288 3645 1332 3698 sibi

241 3730 389 3794 presertim
399 3745 458 3782 curn
470 3732 606 3782 Mucianus
623 3739 710 3784 metor
724 3735 773 3799 Sy·
812 3745 936 3796 arrogare
946 3732 1038 3784 debuit
1048 3741 1097 3784 sut
1107 3732 1194 3798 potuit
1204 3728 1330 3794 primi

239 3805 288 3856 ries
299 3813 448 3872 essetque:
459 3808 593 3871 provincia
604 3811 774 3876 triumphetis,
811 3808 951 3872 literisque
969 3808 1026 3872 ejus
1041 3810 1120 3860 tecte:
1138 3809 1166 3858 in
1180 3811 1266 3856 senstu
1286 3812 1328 3863 pt}

240 3887 268 3930 et
287 3897 347 3934 cum
366 3884 445 3934 etism
469 3883 526 3948 ipse
547 3884 626 3949 digne
645 3886 770 3937 tsnrestis
812 3893 968 3951 questotem
988 3887 1124 3953 principis,
1144 3885 1186 3935 ret
1203 3895 1250 3947 por
1266 3880 1329 3944 itm

240 3955 772 4026 literisiecissetprofligsudoDacoo,seo
811 3963 937 4012 consules.

241 4033 379 4088 Sarmatas.
843 4037 1093 4104 minumae]
1113 4037 1205 4096 idest,
1219 4028 1325 4098 publicu

274 4109 310 4159 a:
326 4113 494 4166 aliterseres
510 4115 710 4179 micturiente
727 4131 771 4168 re-
810 4113 845 4163 sd
866 4120 987 4166 senatum
1012 4115 1102 4165 litores
1123 4113 1245 4172 mitteret,
1262 4101 1323 4171 <1¹⁰⁶

241 4187 297 4236 tete
310 4185 411 4252 Repub.
809 4189 1004 4260 principistuit.
1036 4189 1154 4256 tepens.

569 4379 596 4407 -J
