2925 4742
132 332 266 398 tmen]
485 311 754 384 eremmanos·
775 331 850 380 ura.
873 332 929 382 nr.
1149 321 1238 390 2929

138 472 358 549 accurimtem,
372 470 438 536 nisi
451 471 617 536 exstincto
633 471 817 550 emulum!
828 475 1058 543 rediturum.⁶¹
1093 477 1235 547 Fabium

133 575 200 641 titis
223 571 414 650 Valentem,
441 573 612 657 captivum
637 580 670 639 et
695 576 831 640 casibus
854 577 995 642 dubiis⁷⁸
1021 591 1236 661 reservatum,

128 693 336 759 praegravem
349 674 476 740 luisse:
498 675 616 740 nedum
633 675 780 740 Primus'²
793 677 848 742 uc8
865 677 1008 758 Fuscus,
1020 688 1054 746 et
1067 683 1236 765 specimen

125 775 271 860 pardum
294 775 488 854 Mucianus,
511 777 611 841 ullam
634 777 669 842 in
684 777 869 858 Vitellium,
894 782 960 845 nisi
981 783 1177 861 occidendi:
1196 785 1238 848 li·

125 877 272 942 centiam
292 879 449 943 imboont.
495 879 530 942 N
532 899 577 944 on
600 899 622 944 o
644 878 780 946 Caesnre
801 881 1013 966 Pompeium,
1027 903 1094 948 non
1106 887 1151 949 ab
1164 883 1236 950 Au·

124 984 222 1061 gusto
247 977 432 1044 Antonium
445 981 626 1046 incolumes
640 981 796 1047 relictos:
817 982 885 1046 nisi
905 983 989 1047 sorte
1002 982 1236 1068 Vespasianus

126 1080 264 1145 altiores
279 1082 431 1165 spiritum
446 1088 546 1168 gerat,
563 1081 692 1147 Vitellii
701 1082 830 1162 cliens,d
843 1103 919 1148 cum
932 1083 1092 1149 Vitellius
1111 1086 1237 1170 college

125 1283 176 1320 non
186 1269 281 1320 anticio
298 1271 378 1334 illins,
395 1271 559 1322 condentum
577 1272 659 1336 copiis
669 1278 714 1323 ont
730 1272 874 1336 legionibus
885 1273 1053 1324 securitatem
1064 1290 1237 1340 reversuram,

126 1335 174 1383 nisi
190 1335 301 1384 sublata
313 1336 486 1386 emulatione.
519 1337 627 1386 Fabium
638 1337 777 1387 Valentem
788 1337 822 1386 ab
834 1337 885 1386 iliis
897 1338 922 1386 in
933 1339 1051 1389 custodia
1062 1347 1090 1389 et
1099 1341 1175 1390 rebus
1184 1356 1237 1392 om·

125 1397 210 1462 bignis
219 1406 395 1462 asserentum,
405 1400 610 1450 molestissimum
622 1402 671 1449 illia
684 1399 781 1450 fnisse:
799 1407 899 1450 tentum
919 1402 1018 1466 abesse,
1038 1411 1068 1453 nt
1082 1404 1194 1465 Primus,
1205 1420 1237 1455 ac
1261 1441 1265 1447 .

127 1463 240 1524 Fuscus,
252 1469 280 1512 et
298 1463 378 1513 decus
391 1463 503 1528 partium
514 1465 749 1526 Mucianus,u11am
759 1464 832 1514 aliun
843 1465 892 1514 sibi
902 1475 1023 1530 arrogent
1035 1474 1192 1530 potestatem
1209 1469 1236 1518 in

126 1525 275 1590 Vitellium,
298 1527 348 1576 nisi
369 1528 550 1577 interficiendi.
583 1528 644 1578 Non
662 1543 676 1578 a
695 1529 980 1593 Cessare-Pompeium,
997 1545 1049 1580 non
1069 1532 1101 1581 ab
1119 1533 1237 1595 Angusto

128 1589 274 1639 Antonium
286 1592 370 1640 sainte
381 1597 427 1640 aut
437 1591 513 1641 venia
524 1591 649 1652 donntos;
668 1592 717 1641 nisi
732 1591 800 1642 torte
815 1592 989 1657 Vespasianus
1005 1595 1129 1659 majorem
1147 1611 1237 1660 super·

126 1653 194 1704 biam
206 1662 337 1717 ostentet,
347 1655 391 1721 qui
403 1655 503 1705 Vitellii
514 1657 603 1720 cliens,
612 1671 672 1705 cnm
681 1656 803 1706 Vitellius
816 1657 918 1722 collega
936 1659 1038 1709 Claudii
1053 1656 1131 1710 foret.
1164 1660 1236 1714 Quin

130 1867 255 1913 nub—d
272 1863 315 1913 lta
326 1863 427 1926 Lipsius
437 1872 465 1914 et
475 1863 644 1914 recentiores.
678 1864 762 1914 Favet
774 1864 826 1916 Ms.
837 1865 906 1915 Flor.
918 1866 943 1914 in
954 1880 1015 1942 quo,
1024 1869 1158 1922 oensletm
1172 1868 1237 1919 dite·

130 1943 190 1977 ruat.
223 1929 305 1976 Forte
324 1934 411 1977 temen
431 1928 570 1991 legendum
599 1928 733 1977 motatore
752 1929 898 1978 rediturum:
915 1930 952 1978 sic
972 1945 1039 1979 enim
1058 1931 1154 1980 babent
1175 1934 1238 1981 llas.

131 1991 206 2040 llari.
217 1991 275 2042 Jee.
289 1999 317 2040 et
328 1991 495 2042 Puteolanus.
526 1993 559 2041 In
571 1964 635 2042 ltus.
649 1993 715 2054 Reg.
729 1991 792 2053 Agr.
803 1999 831 2040 et
840 1993 953 2041 editione
963 1994 1092 2057 principe,
1102 1995 1237 2044 oemulotori
1310 2030 1313 2035 -

131 2057 252 2105 detensa.
288 2057 353 2105 Mas.
370 2057 449 2106 corb.
469 2063 497 2106 et
513 2056 581 2105 Bud.
599 2058 717 2105 daurom.
751 2057 857 2104 Frustra
873 2063 957 2106 tentat
976 2058 1124 2120 Rhenanus,
1146 2061 1239 2121 mlo,

131 2119 281 2168 rediturum
301 2119 327 2170 J.
340 2121 370 2168 F.
382 2119 538 2182 Gronovius,
556 2121 699 2180 oermlotcre,
714 2118 832 2180 futuroru.
857 2120 1018 2168 Erotion—'l
1035 2122 1079 2170 Sic
1099 2122 1167 2172 bene
1187 2123 1240 2170 Pu·

133 2183 250 2232 teolanns
267 2190 295 2233 et
313 2184 480 2233 recentiores.
514 2182 999 2235 NecvnrinntMss.Herl.Bodi..les.
1031 2184 1063 2234 ln
1083 2186 1149 2237 bles.
1167 2187 1237 2238 Flor-

132 2247 198 2310 ileg.
210 2246 289 2296 Corb.
301 2252 328 2296 et
339 2247 454 2298 editione
465 2248 591 2360 prinfflre,
601 2247 678 2310 ruptis
687 2246 929 2298 deterrumum
962 2247 994 2296 In
1010 2249 1063 2298 Ms.
1074 2248 1139 2312 Agr.
1156 2251 1239 2314 paucis

558 2327 579 2360 s.

133 2312 223 2360 dietus.
245 2309 378 2360 idem—8
395 2311 515 2361 sicbene
591 2311 668 2360 Corb.
681 2309 762 2358 editio
778 2311 900 2375 princeps
919 2318 948 2361 et
966 2313 1132 2364 recentiores.
1166 2315 1238 2364 Male

133 2375 303 2440 Puteolanus,
313 2379 337 2424 et
349 2375 444 2426 roeo.
467 2375 628 2427 Erotion-9
647 2374 679 2424 ln
691 2375 742 2424 Me.
755 2375 819 2439 Reg.
831 2381 859 2425 at
869 2375 984 2426 editione
993 2377 1119 2443 principe,
1129 2379 1237 2428 altiorem

631 2527 738 2579 NOTAE

136 2646 220 2712 teiligi
237 2645 271 2698 de
289 2646 417 2698 Flavianis
427 2654 454 2698 et
464 2648 611 2700 Vitellianis
627 2649 664 2698 ie·
703 2656 810 2700 rement
820 2650 958 2712 Antonius,
978 2651 1114 2700 Comeiius
1129 2653 1237 2717 Fuscus,
1259 2692 1263 2698 .

135 2723 261 2786 gicnibns.
703 2733 732 2776 et
750 2727 827 2788 louge
848 2727 1017 2776 clarissimum
1037 2727 1157 2776 columen
1179 2743 1237 2791 par.

168 2798 451 2862 tssrnisctooensictu]
464 2798 664 2850 Interfectotci·
704 2801 769 2851 tium
790 2801 939 2862 Mucianae,
961 2807 992 2848 ut
1016 2805 1119 2862 contra,
1141 2802 1237 2852 nullam

135 2873 199 2924 licet
208 2873 324 2936 Vitellio,
335 2876 437 2945 imperii
449 2877 550 2926 mmulo.
703 2877 766 2928 dnm
774 2877 888 2927 babeant
904 2877 930 2925 in
947 2877 1095 2938 vitellium,
1111 2876 1160 2926 nisi
1171 2879 1238 2929 occi·

170 2951 321 3011 ¹AEnnlatu,
330 2952 472 3015 rediturum]
486 2953 593 3004 'l'acltns
603 2953 666 3003 atini
705 2954 784 3004 dendi
794 2953 938 3016 licentiam,
953 2967 1030 3018 quam
1046 2961 1074 3002 et
1088 2955 1115 3002 in
1126 2954 1238 3005 Valente

137 3027 172 3080 de
180 3027 299 3077 Othone:
317 3029 325 3057 ‘
337 3030 373 3078 Et
381 3042 414 3078 ne
422 3031 557 3080 scutulatus
565 3031 591 3080 in
600 3032 665 3080 urbe
701 3030 758 3094 jem
770 3035 979 3093 usurpaverunt,
998 3029 1036 3077 ita
1049 3034 1077 3077 ut
1089 3029 1169 3079 duces
1180 3031 1238 3079 Fla·

137 3109 234 3166 agaret,
244 3104 386 3166 provincia
406 3106 545 3156 Lusitania
557 3107 666 3171 prmiici-
704 3106 774 3154 vinni
784 3105 849 3154 nihil
866 3105 966 3169 possint
977 3104 1014 3152 iili
1024 3106 1180 3167 concedere,
1192 3113 1239 3156 aot

139 3178 197 3229 tnn'
228 3179 332 3242 lipsius.
704 3181 785 3228 tilium
804 3179 889 3228 i'oeda
899 3195 999 3229 comeo
1011 3181 1117 3244 pucisci,
1129 3191 1238 3245 prseter-

169 3259 182 3286 ⁸
197 3253 295 3303 Curibus
308 3254 399 3320 dadin]
425 3256 538 3320 Nempe,
556 3257 578 3305 si
597 3255 666 3306 forte
705 3270 782 3320 quiam
793 3255 884 3303 mortis
895 3262 922 3304 et
933 3256 1014 3305 exitii.

139 3328 205 3380 bello
223 3331 398 3380 vincerentur.
431 3333 469 3381 Ut
489 3339 516 3381 et
531 3333 665 3382 Vitelliani
737 3337 749 3362 ⁰
776 3329 835 3378 Not
855 3329 987 3394 occidendi]
1019 3331 1095 3380 'l'alia
1121 3331 1239 3383 facinore

139 3413 298 3456 reservarant
316 3407 461 3468 Catinam
482 3423 558 3473 quem
576 3409 602 3457 in
621 3409 666 3458 sd·
705 3404 817 3468 principi
828 3405 972 3468 etquidem
987 3405 1077 3467 ignaro
1094 3421 1238 3458 accommo—

140 3479 325 3532 rersni'ortunn
341 3489 368 3531 et
385 3484 448 3533 victi
461 3485 667 3535 vinciisexeme-
705 3479 803 3530 debant
828 3479 889 3529 mali
910 3480 1025 3540 magistri
1050 3481 1239 3549 d⁰¹¹¹i¹¹⁸¹ionit,

142 3563 206 3620 runt,
214 3562 243 3607 nt
259 3571 345 3607 eeusoe
356 3573 410 3607 sum
422 3559 579 3622 deprecator
590 3560 665 3608 assia-
705 3555 779 3620 quasi
796 3555 969 3605 innocentiam
981 3555 1124 3608 donarent:
1141 3561 1187 3609 sed
1199 3563 1237 3610 sic

142 3639 214 3682 teret.
245 3633 296 3682 Sed
308 3648 377 3684 nunc
393 3635 505 3684 victores
520 3635 610 3683 atatim
626 3649 667 3684 oc·
706 3636 794 3682 tamen
811 3629 863 3679 sibi
881 3631 1067 3692 consulebant,
1091 3634 1127 3682 sic
1147 3642 1238 3698 poten·

143 3709 228 3759 cidunt
239 3709 384 3772 Valentem,
391 3715 421 3759 ut
428 3724 530 3760 omnem
542 3724 614 3773 spem
624 3711 667 3759 ab·
707 3707 771 3756 tiam
789 3721 862 3756 snam
884 3707 1010 3768 augebant
1027 3716 1074 3758 aut
1092 3710 1238 3760 firmabant.

139 3782 228 3846 jiciant
236 3784 332 3833 hostes.
706 3784 751 3833 Sic
762 3789 790 3833 et
800 3782 886 3845 gratia
901 3785 970 3846 apud
990 3799 1082 3834 novum
1099 3787 1147 3849 ipsi
1158 3787 1239 3836 domi·

172 3856 289 3906 bNedum
299 3856 408 3918 Primus]
433 3857 544 3921 Nempe,
556 3857 667 3908 Fabium
706 3871 767 3907 num
780 3858 978 3922 propellebant,
995 3859 1038 3923 qui
1049 3861 1133 3909 cades
1143 3868 1171 3909 et
1182 3873 1237 3909 sce-

145 3935 273 3984 Valentem
295 3933 423 3982 Flavianis
446 3947 607 3994 praegravem
628 3931 668 3982 iu·
705 3934 762 3984 lern
782 3934 818 3983 in»
835 3935 973 3998 magistrer
999 3937 1063 3983 istor
1084 3935 1235 3997 rejiciebam

145 4007 197 4071 isse,
207 4015 233 4058 et
243 4023 275 4058 eo
292 4022 384 4072 nsque,
397 4013 427 4057 ut
443 4008 514 4057 iilum
527 4006 667 4058 interiece·
706 4011 854 4062 clementina
864 4019 952 4060 notem
958 4009 1078 4072 example
1088 4009 1138 4059 eibi
1146 4009 1189 4058 oni
1199 4023 1239 4059 ar.

145 4083 207 4144 rint;
227 4089 299 4133 tanto
319 4085 347 4132 et
364 4083 509 4146 graviorem
526 4083 591 4147 ipsis
610 4081 667 4132 fore
706 4086 826 4150 rogabat.

145 4157 278 4220 Vitellium,
290 4163 317 4207 et
328 4163 426 4208 tantum
437 4159 537 4224 uberae,
548 4165 578 4209 nt
594 4159 667 4208 ilium
738 4159 751 4196 ⁴¹
771 4159 863 4212 Vitellii
878 4157 962 4222 dent]
979 4157 1102 4224 intellige
1111 4160 1141 4209 Ia.
1155 4159 1239 4212 vttet·

203 4239 288 4304 Delplt.
300 4243 325 4289 et
340 4237 399 4290 Ver.
411 4241 478 4290 Cios.
640 4240 720 4294 Tueit.
1123 4243 1139 4290 8
1149 4241 1172 4292 Ζ
