2925 4742
93 365 226 431 aaron
420 358 686 413 maronianum
711 362 786 412 nra.
811 362 847 411 v.
1105 348 1205 417 3203:

93 504 260 569 latissima
274 504 434 571 moenium
456 504 575 582 ὃὶιιιο,ς
593 524 690 589 quem
714 512 748 571 at
769 501 993 588 Bargioram⁶¹
1013 506 1192 585 vocabant,

92 606 235 670 mediam
264 607 380 671 urbem
404 605 564 684 Joannes,
588 607 745 689 templum
768 606 972 685 Eleazarus,⁷
994 607 1193 673 firmaverat.

93 704 312 771 Multitudine
326 713 359 771 et
373 708 473 771 armis
486 705 510 770 J
512 726 639 770 oannes
653 726 693 770 ac
707 707 811 785 Simo,
823 707 1004 771 Eleazarus
1018 710 1105 785 loco,
1119 708 1194 791 pol-

91 806 190 871 lebat.
238 806 309 874 Sed
331 807 460 889 praelia,
483 806 594 884 dolus,
609 807 764 872 incendia
784 809 868 872 inter
888 811 994 891 ipsos,
1017 815 1051 873 ct
1073 828 1206 891 magnar

90 908 141 971 vis
154 906 313 972 frumeuti
335 905 510 974 ambusta.l
551 907 638 973 Mox
652 908 815 986 loannes,
830 912 943 973 missis
964 930 1023 994 per
1044 911 1193 994 speciem

89 1008 339 1087 maricandir
353 1010 412 1093 qui
431 1008 625 1074 Eleazarum
647 1030 846 1093 manumque
860 1010 935 1094 ejus
947 1013 1206 1089 obtruncarent,

90 1110 215 1193 templo
231 1113 372 1193 potitur:
388 1114 435 1175 ita
449 1112 484 1175 in
498 1111 582 1175 duas
595 1110 761 1176 sactiones
775 1112 895 1175 civitas
909 1111 1073 1189 discessit,
1088 1109 1194 1176 donec

88 1212 396 1293 propinquantibus
422 1210 598 1289 Romanis,
622 1210 745 1276 bellum
771 1212 955 1277 externum⁸
981 1212 1195 1277 concordiam
1289 1276 1293 1282 .

88 1317 247 1392 pareret.⁹
1205 1319 1209 1323 ’

87 1476 139 1525 den
148 1476 260 1537 egem
297 1478 398 1543 intimos
408 1483 430 1529 rt
441 1478 595 1541 amplissimos
605 1494 723 1529 murorum
733 1480 817 1530 Simos
826 1482 953 1543 insederat,
961 1481 1063 1530 mediam
1073 1444 1208 1533 civitatem}

87 1540 200 1603 deesses,
210 1556 282 1603 quem
299 1547 323 1591 et
340 1543 483 1602 Bargioram
500 1544 754 1605 appellocommunia
769 1560 846 1593 arcem
865 1546 993 1593 Eleazarus
1009 1553 1195 1607 occupaverat.

90 1603 196 1653 Nemera
204 1611 229 1653 et
242 1606 317 1655 vasis
322 1606 489 1669 propellebant
497 1609 601 1655 «locanes
611 1623 638 1655 ac
647 1607 739 1670 Simos,
750 1610 879 1657 Blesum
887 1609 981 1670 ingenio
990 1610 1035 1657 loci
1044 1609 1195 1671 praevalebat.

89 1666 137 1717 Sed
141 1683 250 1735 pragam
254 1669 365 1731 frastim,
373 1670 482 1733 ignesque
490 1671 552 1718 irater
562 1672 632 1733 ipsos,
638 1677 662 1721 et
673 1687 760 1733 magno
770 1674 836 1735 eopia
846 1687 945 1722 assosoe
952 1680 1055 1721 cremata
1065 1680 1112 1722 est.
1128 1674 1196 1723 Deis

87 1732 200 1795 alaeam,
213 1734 297 1781 missis
307 1734 400 1782 obtectu
411 1734 586 1798 sacrificiorum,
601 1735 640 1797 psi
661 1736 801 1784 Eleazarum
820 1752 947 1799 agmenque
964 1736 1031 1785 illies
1047 1737 1195 1787 contrucida-

88 1801 148 1857 rest‚
158 1796 287 1845 delubrum
297 1802 404 1861 occupat:
421 1799 455 1845 sic
473 1798 499 1845 is
509 1800 567 1846 daus
581 1804 662 1861 portes
674 1800 728 1847 urbs
737 1800 852 1849 distractu
864 1807 915 1863 est,
931 1803 1002 1850 doses
1020 1801 1196 1851 iramismtibts's

88 1859 213 1924 ltomssis,
221 1876 292 1911 mino
303 1865 402 1911 extersa
413 1863 444 1910 od
454 1864 623 1911 comessionem
630 1873 757 1927 pacemque
767 1863 887 1915 incitaret.
951 1916 955 1921 ,

89 2099 224 2167 princeps,
244 2109 378 2155 exterarum
395 2104 544 2153 urbiam-t
561 2104 604 2152 Sic
626 2104 689 2154 bles.
701 2105 771 2153 Flor.
782 2105 848 2167 Reg.
860 2101 948 2155 Guelf.
959 2102 1003 2152 ed.
1015 2116 1055 2165 pr.
1067 2108 1095 2152 et
1105 2103 1208 2154 recon·'

89 2165 176 2215 tiores.
212 2168 280 2217 Mes.
295 2167 521 2217 marabuttin.
538 2174 566 2215 et
586 2168 754 2229 Puteolanus,
773 2168 853 2231 Syma.
887 2168 950 2215 mm
970 2166 1052 2216 editio
1064 2168 1207 2231 princeps,·

89 2228 233 2281 stom-a
250 2232 292 2281 Sic
305 2232 370 2281 bene
378 2232 490 2294 Lipsius.
524 2232 596 2280 Male
606 2232 680 2293 strigo
692 2232 755 2282 Μαι.
766 2239 793 2280 et
805 2238 907 2280 veteres
916 2230 1053 2292 editiones,
1064 2231 1196 2293 Borbogio-

89 2306 150 2343 sess·
167 2295 333 2345 Brotier.—t
350 2296 393 2345 Sic
405 2296 470 2343 bene
490 2295 657 2344 Puteolanus.
691 2298 819 2359 Corrupto
839 2296 903 2344 mss.
919 2302 948 2343 et
967 2293 1049 2343 editio
1066 2296 1195 2359 princeps,

90 2356 242 2417 Heleoearus
254 2360 294 2407 vel
305 2364 331 2407 ot
342 2359 454 2409 laurus.
463 2358 599 2407 idam—8
613 2359 662 2411 ms.
675 2360 738 2423 lieg.
749 2360 834 2411 bellem
841 2362 1029 2411 asomum-s
1040 2358 1105 2411 Mas.
1117 2360 1195 2411 Harl.

90 2420 166 2471 Bodl.
177 2423 236 2477 Jes.
248 2429 275 2472 et
286 2422 414 2475 editiones
426 2431 537 2484 veteres,
545 2428 652 2489 pararet.

589 2566 698 2617 NOTAE

122 2676 134 2711 ¹
151 2678 311 2743 Bargioram]
353 2678 447 2737 Recte,
467 2678 623 2741 Bargioram:
663 2692 713 2740 ras,
726 2678 771 2743 qni
786 2678 827 2727 tric
844 2678 990 2739 Bargioram
1006 2675 1068 2742 qnid
1084 2679 1208 2731 mirumit

92 2752 228 2805 Hebraico
247 2755 373 2805 vocabulo
392 2753 555 2817 significante
573 2768 624 2802 em-
664 2756 751 2806 Graeci
763 2756 883 2805 auctores
901 2757 938 2804 sic
958 2756 1068 2805 maxime
1081 2757 1196 2821 turbant,

92 2830 214 2893 pltatiraiss
233 2832 305 2880 illum
324 2832 405 2879 Giuroe
416 2830 508 2895 fitium.
548 2831 624 2879 Cete-
664 2833 849 2897 insertumque
865 2832 991 2881 voeabula
1010 2833 1115 2896 proptia
1133 2846 1210 2896 geum

92 2921 148 2959 rum
159 2910 274 2974 Jusippo
287 2923 337 2958 non
348 2910 461 2971 Jaasaes,
479 2903 525 2957 sed
542 2908 626 2957 snam
666 2908 740 2970 tium,
750 2908 860 2968 urbium,
869 2907 1007 2970 bantinum,
1016 2910 1065 2956 dec.

86 2985 154 3049 filiu
168 2988 252 3037 Gioroe
270 2986 380 3047 dicitur:
398 2987 442 3036 ille
458 2986 569 3048 scilicet,
582 2986 626 3050 qui
698 2982 705 3017 ¹
723 2984 834 3032 tamaio
849 2984 914 3031 ister
929 2983 1000 3045 ipsos,
1015 2987 1040 3031 et
1054 2997 1141 3045 magro
1159 2985 1210 3033 ste·

93 3058 281 3126 Hierosolymis
310 3062 482 3126 principatum
508 3060 625 3122 tenebat,
659 3060 780 3119 ,mamati
798 3057 916 3120 ambusto]
939 3058 1063 3123 Hegesip.
1085 3060 1103 3107 l.
1126 3073 1151 3111 v.
1167 3062 1195 3111 l.

92 3136 212 3203 salusque
232 3138 257 3186 iu
278 3135 570 3199 triumplrollespssiarii
583 3150 625 3198 pa·
666 3136 733 3184 ‘Ubi
756 3136 899 3199 parcebant
919 3134 986 3195 telis,
1007 3134 1079 3196 ipses
1094 3135 1200 3197 jacula·¹

93 3210 138 3260 tris
160 3220 191 3263 et
212 3210 258 3261 tilii
284 3212 411 3276 supplicio
439 3210 547 3262 affectus
575 3218 637 3261 est.¹
666 3210 769 3271 balitus,
789 3210 833 3274 qui
854 3210 1045 3272 comprehensis
1066 3215 1210 3258 tectorum¹

97 3284 210 3337 Vertras.
665 3282 786 3347 fastigiis,
799 3283 1007 3346 depascebantur
1023 3282 1120 3346 domos,
1136 3298 1196 3348 quea

123 3362 178 3413 Sed
190 3365 234 3429 qui
251 3364 366 3415 loannes
384 3364 405 3413 is
424 3363 519 3417 dicitur
536 3362 627 3425 Bargi-
666 3358 771 3409 referta
786 3357 904 3423 frugibus
914 3358 1058 3423 ceterisque
1075 3360 1196 3409 subsidiis

94 3450 157 3503 οη,
168 3438 224 3488 sire
243 3439 330 3489 Giorae
347 3436 432 3487 filius?
449 3439 492 3501 qul
510 3437 626 3488 (liscsle-
666 3439 843 3487 alimentorum
851 3437 883 3485 ad
892 3437 953 3487 belli
964 3438 1126 3488 tolerantiam
1136 3454 1197 3503 pru·

92 3528 141 3564 nus
161 3522 190 3565 et
209 3514 277 3564 tilius
298 3514 393 3573 Lirim
410 3512 539 3576 losephus
558 3514 625 3563 l.v1.
664 3514 773 3576 lirioris,
791 3514 888 3577 puriter
907 3514 1095 3563 eximebantur:
1117 3515 1213 3578 majo·

92 3594 134 3643 td.
145 3598 175 3643 et
195 3592 212 3643 l.
231 3606 268 3641 tv.
280 3594 306 3642 t.
326 3599 354 3640 et
372 3595 397 3640 5.
419 3590 479 3639 bell.
495 3589 558 3640 Jud.
569 3589 625 3638 haec
666 3604 745 3655 reque
757 3588 979 3652 pabulaincendio
990 3589 1135 3641 dabantur?

92 3667 259 3731 verbs,qsem
277 3666 421 3728 Bargioram
431 3664 552 3729 comburat,
567 3678 626 3713 con·
697 3672 716 3699 ¹¹¹
741 3667 824 3715 Missis
845 3679 890 3729 per
910 3665 1011 3728 speeiem
1033 3664 1195 3729 mmflmsdi]

93 3742 218 3793 tiuueuds
230 3748 290 3791 snut
307 3756 366 3791 cum
384 3741 444 3801 illis,
456 3739 549 3791 Simos:
566 3754 624 3788 naut
665 3740 791 3803 Hegesip.
806 3741 823 3790 l.
835 3754 860 3789 v.
872 3746 896 3790 5.
914 3742 1053 3804 ‘Namque
1063 3740 1196 3793 Psscbslis

93 3816 116 3866 is
127 3833 190 3869 vere
201 3817 269 3867 tilius
279 3814 513 3878 Giorurdosephd.
524 3828 550 3863 r.
560 3818 586 3864 7.
597 3820 626 3864 et
665 3818 814 3868 interventa
846 3818 1016 3878 celebritatis,
1049 3818 1195 3869 subornatis

25 3908 27 3913 ’
94 3891 423 3947 9.ett.v1.1.bett..lud.
440 3891 516 3941 Satis.
629 3904 632 3911 ·
667 3894 797 3959 plerisque
814 3894 937 3953 Jaannes,
954 3894 998 3956 qui
1015 3895 1088 3959 quassi
1108 3894 1210 3944 obser«

126 3970 188 4019 Non
200 3982 305 4017 necesm
317 3975 357 4017 est
368 3968 393 4016 in
405 3966 523 4016 omnibus
534 3980 627 4016 cenve-
668 3971 777 4021 rationis
792 3971 875 4033 gratis
893 3970 1018 4031 templum
1037 3970 1149 4034 adirent,
1166 3977 1196 4020 et
1208 3992 1212 3998 ’

95 4042 361 4095 mormannum
379 4042 505 4105 Joseptm,
517 4048 546 4091 et
564 4056 628 4105 prae·
668 4053 789 4111 tanquam
807 4045 884 4095 suciis
900 4044 962 4093 dats
980 4034 1195 4108 ingrediendi‘eo-

96 4123 185 4173 sertlm
205 4124 232 4173 in
254 4123 397 4173 numinibus
419 4124 538 4187 propriis.
581 4124 624 4173 Ita
664 4123 715 4186 pte,
734 4123 819 4170 dolum
837 4118 959 4183 patrarit.
992 4120 1105 4183 lngremi
1124 4119 1212 4169 enim·

96 4198 163 4264 tpud
175 4199 273 4266 Xiptttl.
284 4199 432 4266 appelletur
448 4198 498 4255 tete
514 4198 634 4265 Barplio·¹
663 4198 752 4264 specie
763 4196 844 4261 cirili,
853 4195 901 4246 sed
916 4194 1025 4252 interius
1039 4195 1211 4261 armatarum·
