2925 4742
127 287 268 354 nese]
473 281 742 334 ursaoarnreurr
767 283 841 334 nra.
865 284 918 334 rr.
1156 268 1245 339 8127

127 429 214 496 tiani
230 429 401 494 indomitae
415 427 570 494 libidines
582 429 799 494 timebantur:
824 432 1003 516 suspectis,
1017 432 1067 497 uti
1081 427 1242 512 disisam,

128 531 251 596 Primo
268 529 414 596 Antonio
428 515 588 616 Varoque
603 531 712 597 Arrio.
758 533 885 612 Varus,
909 534 1126 632 Praetorianis
1155 550 1242 619 psoe·

128 637 278 718 positus,
295 635 366 696 vim
377 638 478 716 atque
493 652 586 699 arma
598 635 770 700 retinebat.
804 636 891 700 Eum
908 636 1090 702 Mucianus
1105 639 1241 721 pulsum

96 804 100 812 ,
127 735 223 814 loeo,
238 755 281 802 ne
295 737 366 799 siue
379 736 502 800 solatio
515 744 635 818 ageret,
649 757 788 802 annonae
802 739 964 823 praet'ecit.
999 738 1113 822 thue
1125 740 1244 804 Domi·

129 837 215 902 tiani
246 837 406 912 animum,
433 837 528 902 Varo
556 839 645 904 hand
674 843 831 919 alienum,
856 842 1018 920 deliniret,
1043 839 1244 906 Arretinum²

129 937 352 1016 Clementem,
377 939 491 1003 domui
506 938 708 1024 Vespasiani
733 961 793 1026 per
815 942 1008 1008 affinitatem
1030 944 1187 1008 innexum
1210 951 1245 1012 et

130 1042 360 1122 gratissimum
389 1041 594 1118 Domitiano,
627 1041 843 1108 Praetorianis
869 1044 1067 1128 praeposuit
1090 1049 1244 1128 ‘patrem

128 1141 231 1226 ejus,³
247 1143 311 1206 snb
325 1141 410 1206 Gaio
425 1141 573 1220 Caesare,
584 1143 712 1224 egregie
725 1143 876 1209 functum
890 1163 933 1208 ea
946 1145 1049 1222 cnro‚'
1064 1146 1242 1213 dictitans:

130 1243 279 1308 ‘laetum
304 1242 463 1307 militibus
492 1243 580 1308 idem
608 1245 739 1322 nomen,
759 1252 865 1340 atque·
885 1247 1011 1330 ipsum,
1037 1257 1244 1331 quanquam4

131 1344 302 1414 Senatorii
317 1345 466 1426 ordinis,t
481 1346 525 1410 ad
539 1352 679 1431 utraque
702 1350 820 1414 munia
841 1348 1015 1417 sufficere?
1057 1337 1246 1420 assumus-J

123 1534 328 1598 flagrantissime
339 1539 473 1589 Domitiani
491 1539 630 1603 cupidines:
651 1539 776 1604 suspectis,
794 1545 822 1589 ut
840 1539 1027 1602 memorarimus,
1038 1539 1121 1588 Primo
1133 1538 1246 1602 Asianis,

135 1601 246 1664 Varoque
260 1603 339 1652 Arrio.
378 1603 461 1662 Varus,
470 1606 590 1666 prmaeiir
598 1603 730 1654 cohortibus
741 1606 870 1668 impositus,
881 1606 959 1653 simet
968 1619 1035 1653 arsia
1045 1603 1154 1652 iubebat.
1182 1603 1246 1654 Eum

134 1665 266 1714 Marianus
279 1668 393 1729 metetis
408 1673 520 1730 amatum
536 1683 565 1718 se
575 1669 656 1717 scirtii
672 1683 758 1731 expers
768 1671 882 1730 agitaret,
892 1671 928 1717 rei
937 1668 1106 1729 ¹tirrtrrsentarise
1122 1669 1244 1730 imposuit.

136 1729 218 1792 thqrre
230 1733 371 1780 demulceret
380 1733 517 1782 Domitiani
527 1733 641 1795 animum,
652 1734 692 1796 qui
703 1734 728 1781 iu
742 1735 832 1784 l'arum
846 1749 934 1795 prosas
944 1740 1009 1793 erat,
1019 1734 1162 1795 praetoriano
1173 1732 1248 1782 militi

130 1793 244 1856 presserit
253 1796 393 1844 Arretinum
413 1798 564 1856 Clementem,
581 1797 753 1846 necessitudine
770 1793 920 1857 conjunctam
936 1796 1041 1857 sauritim
1059 1797 1206 1860 Vespasiani,
1222 1802 1247 1846 et

131 1858 323 1923 acceptissimam
334 1861 492 1918 Domitiana·
502 1861 658 1920 mmmabat,
685 1868 803 1910 arentem
814 1861 893 1920 illius,
901 1862 1045 1937 imperante
1056 1861 1184 1924 Caligula,
1193 1862 1249 1909 exi·

131 1923 185 1970 mie
198 1923 225 1970 id
236 1937 328 1972 munus
340 1925 497 1974 exercuisse.
527 1925 656 1975 Gratumi
677 1941 718 1974 ern
731 1923 884 1974 vocabulum
893 1923 979 1985 mileti,
987 1933 1067 1988 atque
1079 1924 1174 1986 ipsum,
1184 1925 1248 1975 lieet

132 1987 261 2038 senatorii
270 1988 332 2052 loci,
342 1989 446 2052 utrique
457 1989 559 2040 nruncsi
571 2004 662 2054 parem
679 2003 744 2040 esse.
776 1989 931 2039 secuuntur·
948 2003 979 2038 ex
998 1989 1054 2037 aste
1073 1989 1248 2040 minuemus

134 2230 302 2280 lironem—2
319 2231 362 2280 lta
373 2231 438 2282 Mas.
449 2231 520 2283 Flos.
530 2231 606 2281 Harl.
619 2231 697 2280 Bodl.
709 2231 766 2282 Jes.
779 2230 844 2295 Agr.
856 2231 1017 2281 Puteolanus
1032 2237 1060 2282 et
1078 2229 1250 2282 recentiores.

135 2296 167 2343 lu
177 2295 240 2344 Mus.
250 2295 316 2360 Reg.
325 2295 403 2345 eoru
411 2296 577 2346 Arrerrtinum.
590 2295 680 2344 Editio
692 2297 981 2359 princepaetrestisam.
993 2297 1102 2346 Ursinus
1114 2311 1148 2346 ex
1160 2303 1254 2346 uetere

136 2359 318 2424 inscriptione,
329 2375 387 2424 qaue
403 2368 480 2433 extat
492 2360 559 2422 apud
572 2361 724 2424 Gruterum,
737 2375 763 2424 p.
775 2365 832 2409 ros.
849 2376 875 2410 n.
886 2365 910 2410 o.

137 2487 297 2536 emendabat
307 2437 624 2538 Arrieinanlizgtzlsirsesnim:
635 2437 1087 2539 apprpirlrfirfflcerppnsptsptrsp“iduum
1105 2489 1172 2537 burne
1191 2487 1252 2537 Cle·

137 2559 252 2601 trientem
265 2551 377 2601 eundern
389 2567 457 2611 esre,
469 2559 548 2616 atque
558 2551 710 2602 Arretinum
723 2553 896 2615 Clementem,
908 2569 984 2616 quem
1005 2567 1107 2617 quoque
1123 2562 1251 2601 memorat

138 2616 276 2664 Suetonius
287 2617 311 2663 in
324 2616 421 2665 Domit.
436 2629 474 2664 xr.
492 2621 499 2644 ‘
516 2618 663 2668 tlrretinnm
676 2617 836 2666 Clementem
855 2618 1015 2666 consularem
1028 2618 1121 2676 virum,
1141 2630 1156 2664 e
1176 2615 1251 2665 fami-

137 2681 248 2756 liaribns
267 2689 295 2728 et
316 2681 535 2765 eurissariiapuis,
547 2682 642 2746 eapitis
661 2680 935 2757 condersrnaturuspin
954 2683 1056 2743 uelem,
1067 2681 1109 2729 uel
1127 2679 1206 2728 etiam
1224 2679 1250 2755 iu

137 2742 1188 2874 tte*ntffttlttlt?sittestsittttlntttnt.ti,tinient
1205 2743 1251 2856 8ι’ῗί

638 2971 750 3026 Nom

139 3085 387 3149 exercituumque
400 3086 529 3137 turbaret.
715 3085 803 3150 equite
813 3087 930 3137 Romano
949 3085 1176 3138 administratam!
1192 3085 1250 3150 bip

172 3161 286 3210 Volebat
307 3162 385 3222 enisu,
406 3169 435 3211 nt
455 3161 537 3213 frater
551 3163 625 3212 litus
648 3163 675 3212 iu
714 3163 772 3211 etas.

140 3236 263 3298 Oriente,
276 3237 313 3286 itu
333 3245 361 3286 et
380 3238 436 3302 ipse
454 3235 547 3288 samam
564 3239 626 3289 belli
648 3240 675 3288 in
749 3239 810 3289 Non
832 3239 923 3290 condit
943 3238 1078 3290 historiam
1096 3238 1253 3290 suetoniuss

140 3313 284 3363 Germania
294 3313 676 3381 sibicoruparsroquoeumque
716 3315 851 3380 praecipua
862 3313 983 3380 quiedam
999 3315 1089 3379 capita
1107 3327 1194 3364 rerum
1213 3321 1253 3364 at·

140 3397 235 3454 pacto:
254 3390 297 3438 eui
314 3389 454 3453 cupiditati
466 3393 567 3442 obsunt
578 3391 677 3442 Mucia·
719 3392 798 3455 tingit
809 3390 999 3454 tautum‚lsaud
1017 3389 1135 3440 solicitus
1152 3389 1187 3440 de
1203 3389 1253 3439 cir·

141 3479 188 3514 nus
201 3463 233 3512 de
253 3479 318 3528 paee
332 3465 433 3528 anxius,
445 3473 475 3515 nt
487 3475 514 3516 et
526 3477 602 3532 pater
613 3470 677 3519 Ves-
718 3469 890 3530 enumerandis,
911 3479 970 3533 qnae
992 3466 1026 3518 ad
1049 3481 1187 3531 personam
1206 3472 1254 3515 aut

141 3541 272 3604 pasiaous,
292 3543 336 3606 qui
355 3545 509 3605 compressit
535 3559 605 3608 mox,
633 3546 677 3596 de·
719 3546 824 3610 gentum
844 3546 971 3610 principis
986 3559 1038 3594 uon
1050 3550 1209 3609 spectarent,
1224 3549 1254 3593 et

142 3617 288 3683 pressitque
293 3619 425 3682 juvenem,
433 3620 540 3670 licentia
550 3623 679 3687 principa·
719 3635 778 3686 qnae
787 3635 848 3670 raro
856 3622 1049 3685 condugerent,
1061 3628 1107 3669 aut
1120 3621 1148 3668 in
1166 3633 1254 3667 eamu-

142 3701 184 3744 tos
196 3693 374 3744 ferocientem.
720 3699 792 3762 plum
809 3698 997 3747 consuetudine
1016 3697 1129 3746 nendum
1151 3693 1256 3743 firmata

144 3795 150 3808 =
175 3779 186 3816 t
204 3771 344 3835 Quanquam
356 3773 480 3823 seruerit
498 3774 599 3838 manu]
616 3775 679 3826 Sne·
719 3780 823 3834 essent;
840 3782 871 3822 ut
881 3774 930 3822 troc
942 3775 999 3822 loeo
1010 3787 1038 3821 se
1049 3770 1129 3820 babet
1139 3770 1175 3818 de
1185 3783 1253 3834 pare·

143 3849 243 3900 tunium
255 3849 335 3912 igitur
343 3852 493 3918 colpaequis
505 3854 678 3918 purgat,scri-
719 3849 823 3901 iectura
834 3851 960 3915 pretorii,
973 3863 1031 3912 qum
1042 3847 1169 3898 Arretino
1179 3859 1255 3895 aenae

141 3927 259 3991 beatem,
276 3927 362 3977 'litum
380 3931 492 3993 primunr
507 3946 522 3980 e
540 3930 679 3981 senatoriis
719 3929 789 3978 torio
800 3927 923 3976 mandam
934 3924 1078 3975 tautumad
1089 3922 1187 3988 aliquot
1197 3922 1254 3972 dies

122 4003 270 4067 ·proetssio
285 4002 458 4067 prefectum?
491 4007 597 4058 ln'l'ito
616 4012 678 4057 eo.
719 4011 766 4054 aut
782 4017 902 4064 menses3
919 4009 949 4052 et
966 4015 1001 4050 ex
1021 3999 1256 4062 serenitatum

142 4077 352 4128 ‘Pr-ascetarum
373 4095 476 4145 qnoque
495 4082 611 4147 praetorii
627 4097 680 4133 sus·
719 4096 755 4132 ex
764 4095 846 4131 more.

143 4153 225 4221 sepit,
236 4169 367 4221 nunquam
380 4155 414 4207 ad
426 4157 454 4207 id
466 4159 679 4224 cauponantes
723 4187 729 4201 ·
753 4151 1030 4220 &summarii
1038 4115 1200 4215 amasius
1214 4111 1262 4205 roi
