2925 4742
198 304 289 376 2962
556 317 588 368 c.
612 314 794 366 coartanu
817 313 946 364 raom
1138 313 1306 380 [nuans

200 465 334 530 domus·
360 478 462 545 penes
485 457 645 524 Sabinum
672 462 754 522 erat.
797 455 936 522 cadem
965 453 1040 538 ejus
1060 452 1177 526 lectam
1198 455 1308 521 fniaoe

200 565 365 648 Muciano
374 560 579 644 accepimns.
625 557 959 640 Ferebantplerique,
982 556 1107 622 ‘etiem
1126 559 1204 639 paci
1225 575 1307 621 com

200 666 333 742 sultnm,
354 663 505 727 diremta⁵
528 658 741 726 mmulatione
764 657 849 722 inter
870 654 980 735 duos?
1000 675 1142 740 quorum
1164 657 1249 722 alter
1269 671 1308 721 ae

199 766 332 832 fratrom
366 762 596 844 Imperatoris,
633 758 714 824 altor
749 762 935 822 consortem
963 755 1100 840 Imperii
1122 754 1308 839 cogitaret?

200 865 269 932 Sed
282 863 437 930 Vitellius
453 861 611 926 Consulis
625 859 827 945 aupplicinm
850 859 1002 941 poscenti
1022 857 1151 940 populo
1175 858 1308 936 rostitit,

200 961 377 1050 placatus)
403 984 445 1030 ac
473 963 564 1030 velut
577 961 697 1030 ,vicem
725 958 877 1035 reddens,
904 957 996 1041 quod
1016 959 1306 1040 interrogantibus,

202 1066 305 1150 ‘quis
333 1063 528 1147 capitolium
557 1059 779 1138 incendisset:
804 1078 843 1123 so
861 1056 1107 1122 rcnmAtticua
1130 1057 1308 1124 obtulerat.

200 1166 318 1252 anue
333 1165 565 1242 consessione,
579 1162 651 1228 sire
679 1159 812 1247 aptumt
836 1160 980 1243 tempori
994 1159 1205 1224 menducium
1219 1157 1309 1237 fuit,⁶

202 1344 417 1410 splendorfmnilia
425 1341 618 1408 muttum
628 1347 689 1393 emt.
723 1341 870 1404 Necesseias
885 1347 982 1405 gretan
993 1340 1074 1402 saitae
1091 1340 1205 1390 uncino
1214 1338 1313 1388 endiri-

200 1426 262 1462 Μ.
295 1409 413 1460 Dicebant
431 1407 730 1471 praemeditamini
746 1413 775 1456 et
791 1406 940 1457 concordiae
949 1406 1089 1470 provisam,
1098 1403 1201 1453 sublata
1210 1402 1311 1452 invidia

200 1475 272 1524 inter
289 1473 364 1534 duos,
375 1485 482 1537 quornm
493 1473 562 1521 altar
572 1485 599 1519 ee
610 1468 718 1520 fratrem
731 1471 856 1534 principis
872 1473 1018 1533 reputaret,
1029 1469 1095 1518 alter
1105 1467 1202 1516 socium
1213 1466 1313 1528 prinei·

203 1545 291 1602 patus.
323 1537 372 1587 Sed
393 1536 501 1587 Vitellius
516 1536 645 1586 retornus
661 1535 697 1584 eit
717 1533 781 1598 plebi
792 1533 892 1583 conniis
904 1533 1005 1582 esitium
1021 1533 1161 1596 postumi,
1182 1531 1269 1579 tenitas
1279 1544 1310 1579 ae

152 1647 157 1656 ,
200 1603 275 1651 ueluti
285 1601 359 1650 nicena
379 1599 491 1663 referens,
504 1599 789 1662 quodpercsnctnrtiban
801 1598 858 1662 quis
876 1597 1032 1660 Capitolium
1050 1601 1199 1656 cremaret,
1211 1595 1312 1648 Atticas

201 1679 226 1715 se
236 1679 302 1715 reasr
312 1664 459 1714 eerbidsemt.
492 1662 589 1727 Sitque,
606 1676 650 1711 seu
661 1660 806 1724 moriendo
826 1661 932 1724 crimen,
942 1659 991 1709 rice
1001 1661 1198 1709 numum
1209 1657 1236 1706 id
1251 1662 1315 1707 ten·

236 1845 252 1893 d
268 1839 314 1892 Sic
335 1838 402 1889 bene
424 1838 565 1891 Rbenaans
581 1842 610 1888 et
629 1836 800 1888 recentiorea.
833 1836 865 1888 in
877 1837 942 1887 bias.
958 1841 986 1886 et
1001 1835 1134 1887 veteribus
1144 1831 1315 1898 editionibus,

703 1991 812 2044 NOTAE

205 2109 252 2156 tan
264 2118 398 2156 nonnemo
409 2104 448 2154 vir
458 2103 534 2156 t‘ortis
546 2110 575 2155 et
585 2106 740 2156 aerissninrl
781 2104 884 2170 publiea
899 2104 1062 2167 salutatione,
1080 2101 1189 2153 secessit
1204 2101 1232 2150 in
1253 2115 1315 2164 par·

205 2180 344 2246 magnique
362 2180 468 2244 dixerit,
482 2181 624 2247 extitisses,
640 2182 682 2231 rel
700 2195 740 2230 re·
780 2195 838 2231 ram
849 2196 880 2232 ac
891 2179 993 2230 deviam
1003 2175 1155 2239 civitatem,'
1165 2179 1215 2225 dic.
1235 2175 1315 2226 Quod

204 2269 358 2320 pugnasses,
368 2263 477 2306 mortem
495 2270 611 2320 pugnans
628 2257 742 2320 oppetis·
780 2256 919 2312 Suetonius
927 2255 991 2304 dicit
998 2255 1024 2303 in
1029 2251 1316 2317 peregrinationem&

208 2345 258 2382 aes.
290 2332 396 2395 Deque
410 2339 446 2396 te,
455 2339 493 2394 te,
511 2332 625 2397 inquam,
646 2333 741 2397 patria,
780 2347 808 2381 es
820 2331 846 2381 id
858 2331 883 2380 ai
893 2329 1050 2395 contigisse3
1062 2335 1134 2392 poto,
1153 2325 1219 2377 falsa
1229 2333 1271 2376 est
1283 2342 1315 2376 es

207 2407 332 2470 obtestor,
354 2413 383 2456 et
403 2421 459 2470 ros,
468 2407 592 2470 Penates,
610 2407 742 2472 patriique
780 2409 985 2459 circumstantia.
1015 2405 1179 2458 Contrarium
1197 2403 1318 2454 scribunt

207 2483 264 2548 Dii,
275 2491 416 2535 vestrarum
427 2486 526 2535 aedium
535 2485 742 2550 templorumque
780 2485 885 2536 Tacitus
895 2491 923 2535 et
936 2485 1075 2548 Josepbns,
1085 2489 1113 2532 et
1123 2481 1247 2531 testeboc
1257 2479 1317 2529 niti·

208 2571 295 2620 eausa,
314 2573 355 2609 rne
375 2567 483 2624 propter
501 2560 611 2610 salntem
627 2574 743 2610 meorum
781 2575 834 2625 rno,
853 2561 880 2610 in
900 2561 1025 2611 comitatu
1045 2557 1098 2610 soit
1120 2557 1233 2608 Neronis
1253 2569 1316 2605 cnm

208 2635 312 2701 civium,
333 2650 393 2701 qun
415 2635 476 2685 milri
497 2650 600 2700 semper
617 2634 668 2686 t‘nlt
684 2651 743 2687 mea
781 2636 841 2685 Tito
862 2635 889 2684 in
916 2636 1024 2698 Achaia,
1042 2638 1098 2684 tum
1124 2647 1184 2683 cnm
1203 2631 1316 2684 ,ludaico

208 2710 294 2762 carior
309 2711 371 2776 rita,
386 2710 576 2762 dimicationem
594 2711 743 2777 caedemque
782 2710 852 2762 bello
865 2712 1096 2776 praepositosestn
1112 2709 1226 2758 Nerone.
1261 2705 1317 2757 lta·

209 2785 323 2852 fugisse)
782 2801 833 2852 qne
845 2793 898 2837 turn
910 2801 961 2837 non
973 2786 1106 2850 perculsus
1117 2784 1162 2833 ille
1179 2783 1316 2843 autexn13

243 2862 452 2926 'Deeaadonrsd
468 2865 503 2914 Et
515 2869 602 2914 tamen
613 2863 743 2927 triennia·
782 2863 863 2913 immo
880 2865 987 2924 electus,
1006 2867 1036 2911 nt
1060 2859 1157 2910 bellurn
1174 2857 1317 2910 iudaicam

210 2939 241 2989 lis
264 2939 458 3003 Vespasianns3
481 2939 527 2987 sed
552 2953 608 2988 aro
633 2937 746 3002 Claudii,
782 2939 936 3002 susciperet,
951 2951 1003 2987 uon
1018 2936 1075 2986 alne
1094 2947 1188 2999 magno
1208 2935 1317 2984 bonore.

211 3028 263 3079 quo
293 3012 371 3063 facile
398 3013 441 3062 rel
459 3013 564 3063 metalla
585 3013 744 3062 fodientibus
783 3013 820 3065 Et
833 3007 1145 3063 Tacitnseamoffeusam
1156 3007 1318 3058 Romneon-

211 3088 276 3136 talia
298 3087 515 3138 concedebantur.
559 3091 596 3139 Et
615 3088 641 3138 id
664 3089 743 3139 decus
785 3087 874 3151 tigisse
900 3085 1070 3150 Vespasiano,
1096 3083 1193 3134 diserte
1214 3082 1318 3146 scribit,

211 3159 366 3224 Vespasiani
382 3162 492 3211 maxime
510 3162 675 3214 obscuratum
697 3162 744 3213 sub
784 3177 842 3212 cnm
859 3162 886 3211 in
897 3161 964 3211 ludis
975 3161 1138 3224 dormitaret,
1155 3173 1209 3210 uon
1227 3167 1317 3209 anteat

212 3238 330 3302 Nerone,
353 3253 403 3303 quo
428 3247 546 3304 ternpore
571 3239 627 3290 fere
656 3241 745 3302 latuit,
783 3237 929 3288 innobata.

213 3313 286 3380 quasi
298 3314 366 3363 exul.
383 3313 489 3365 Sueten.
506 3316 587 3380 Vesp.
599 3320 624 3366 ⁴.
644 3315 759 3364 ‘Medi-⁴
817 3311 914 3364 *later
933 3311 1003 3376 deor]
1026 3309 1149 3362 saturn
1168 3314 1198 3360 et
1217 3307 1319 3360 biacia·

209 3403 256 3439 nm
270 3395 381 3454 ternpus,
390 3389 417 3452 [a
428 3390 575 3454 consulatu]
592 3391 624 3441 ad
635 3403 745 3455 procon·
784 3403 855 3440 naar.

212 3465 323 3514 sulatum
333 3465 744 3531 usqueinotiosecesanneegitr
816 3465 963 3531 Ῥω]
988 3466 1040 3516 Vel
1065 3463 1193 3531 supplicio
1218 3463 1319 3530 Sabini,

214 3539 385 3604 Agrippinam
406 3541 497 3590 timens
512 3549 645 3605 potentem
661 3541 746 3592 adbuc
785 3543 828 3591 rel
851 3543 950 3606 potlns,
975 3541 1064 3606 ‘qnod
1090 3540 1320 3605 interrogantibus,

214 3614 283 3678 apud
295 3615 384 3680 lilium,
398 3621 425 3666 et
439 3616 558 3668 defuncti
568 3632 668 3684 qnoque
678 3619 746 3668 Nar·
785 3617 844 3682 qais
853 3616 1009 3682 Capitolium
1019 3614 1195 3679 incendisset,'
1205 3629 1234 3666 ae
1243 3630 1319 3668 renota

214 3689 273 3739 cissi
286 3690 381 3740 amicos
393 3691 529 3755 perosam!
786 3691 892 3743 Atticus
907 3691 1054 3743 obtulerat:
1076 3693 1165 3756 sicque
1178 3691 1278 3742 crimea
1289 3695 1320 3742 et

248 3765 283 3814 Et
300 3763 385 3815 inira:
402 3767 410 3794 ⁴
429 3765 644 3830 Peregrinatione
653 3765 746 3818 Achai·
785 3769 907 3820 invidiam
930 3785 946 3820 a
963 3770 1072 3820 Vitellio
1090 3775 1119 3819 et
1136 3783 1152 3819 a
1169 3768 1319 3822 Vitellianis

216 3853 248 3890 na
268 3839 335 3890 inter
354 3841 462 3891 comites
480 3841 600 3908 Neronis,
617 3856 675 3892 curn
687 3857 747 3893 can·
787 3845 914 3894 amorim
925 3843 1089 3896 credebatur.

216 3921 290 3966 tante
302 3929 333 3965 ac
353 3922 398 3966 snt
415 3915 562 3966 discederet
578 3917 682 3981 sapius,
702 3923 749 3969 aut
818 3918 901 3970 tntu
917 3919 1012 3984 marr]
1034 3921 1096 3971 Stre
1109 3934 1199 3971 verim
1209 3919 1247 3984 ld,
1262 3919 1319 3970 slve

217 4006 332 4056 praesens
344 3993 748 4058 obdormisceret,·gravissimam
787 3996 1007 4046 accommodatam
1026 3996 1198 4060 talitempori
1212 3996 1320 4046 menda·

216 4067 349 4123 contraxit
376 4067 518 4120 offensam:
546 4071 749 4136 prohibitusque,
786 4070 998 4132 cinmlnerit‚sic
1013 4073 1111 4121 crimen
1129 4077 1215 4121 tamen
1227 4069 1321 4120 inridi-

217 4155 270 4196 ncn
296 4143 465 4196 contubernio
486 4147 572 4214 modo,
597 4147 643 4200 sed
669 4145 749 4198 etiarn
788 4159 880 4214 enque
890 4146 954 4200 faeti
969 4145 1130 4216 ‘apartibus
1138 4145 1320 4198 vnettttans·
