2925 4742
119 327 149 378 r.
162 325 266 393 mse]
467 325 736 382 nrsrnnrsnusr
758 333 832 386 rna.
855 335 907 386 rv.
1146 327 1238 398 mon

118 471 292 551 oportent,
307 471 469 536 ostentari
480 473 548 537 'non
562 471 702 542 debere:
732 469 799 545 hoc
813 479 959 548 Senatus
978 481 1124 569 jndicio*
1145 488 1238 558 velut

117 567 301 636 admoneri
316 572 517 658 Principem,
532 595 617 659 quos
631 581 763 662 probet,
777 601 863 666 quos
874 582 1084 652 reformidet:
1111 591 1236 656 nullum

114 671 239 754 majus
269 673 351 738 boni
380 675 517 760 Imperii
544 681 806 765 instrumentum,
836 687 937 769 quem
962 688 1068 753 bonos
1094 683 1235 758 amicos.

116 769 227 836 Μ
244 777 327 840 setis
342 775 517 859 Marcello,
530 783 621 867 quod
636 784 803 851 Neronem
816 787 851 851 in
865 789 1004 854 exitium
1019 794 1068 856 tot
1078 791 1237 857 innccen-

113 873 204 936 tium
220 875 404 959 impulerit.
463 881 638 949 Frueretur
650 889 801 969 praemiis
814 895 849 954 et
861 889 1080 975 impunitate3
1102 892 1236 980 Vespa·

113 975 255 1040 sianum
266 979 462 1046 melioribus
476 983 695 1068 relinqueret?

114 1107 125 1116 -
158 1073 196 1140 8.
239 1077 434 1163 Marcellus,
477 1087 570 1150 ‘non
598 1107 693 1153 mmm
721 1092 916 1170 sententiam
945 1093 1145 1179 impugnari,
1173 1096 1234 1162 sed

114 1173 306 1244 Consulem
321 1181 532 1274 designetum
551 1190 744 1271 censuisse:
765 1192 907 1272 dicebat,
931 1195 1148 1260 ‘secundum¹
1174 1217 1234 1264 ve·

113 1281 189 1340 tere
205 1282 386 1366 exempta}
411 1305 488 1370 quae
504 1296 626 1356 sortem
639 1292 861 1374 legationibus
873 1297 1075 1379 posuissent,
1095 1317 1138 1361 ne
1162 1318 1233 1364 am·

112 1378 242 1448 bitioni
255 1393 314 1452 ant
327 1387 527 1457 inimicitiis²
540 1393 636 1458 locus
652 1395 746 1498 foret.
789 1394 885 1461 Nihil
896 1397 1059 1477 evenisse,
1073 1417 1133 1462 cnr
1147 1401 1232 1466 anti-

115 1547 183 1608 ὒῑῠῒ,
194 1553 237 1600 ros
247 1559 328 1606 tunes
339 1557 427 1610 offerri
439 1570 485 1611 ant
496 1566 635 1615 monstrari
646 1563 752 1631 principi
762 1581 813 1617 non
822 1569 934 1619 decere:
951 1571 1001 1620 boc
1010 1576 1114 1635 petrum
1121 1572 1232 1623 consilio

115 1625 147 1660 sc
160 1613 284 1679 delectu,
295 1623 369 1671 velut
380 1627 482 1676 ostendi
491 1627 658 1692 Imperatori,
668 1645 731 1695 qnos
743 1633 882 1696 approbet,
899 1641 927 1684 et
941 1649 1006 1698 quos
1018 1641 1159 1699 patescet:
1174 1638 1233 1686 nul·

116 1676 170 1726 lum
194 1681 308 1732 validius
328 1685 390 1736 boni
413 1691 575 1753 principatus
595 1697 781 1746 munimentum
803 1713 862 1760 esse,
883 1713 960 1763 quam
982 1701 1102 1763 egregici
1124 1701 1231 1752 amicos.

115 1740 248 1794 Sufficere
260 1747 396 1816 Marcello,
407 1755 475 1816 quod
489 1756 620 1808 Neronem
632 1760 782 1811 incitaverit
794 1763 819 1811 in
831 1763 931 1812 ruinam
942 1768 984 1813 tot
994 1765 1142 1815 insontium.
1174 1766 1231 1816 Po·

117 1805 329 1934 ffissztorpzitbns
347 1823 376 1865 et
395 1816 500 1881 impune
512 1821 620 1873 baberet
630 1825 730 1886 scelus3
748 1831 815 1876 esto:
829 1830 870 1876 ssd
880 1827 1070 1892 Vespasianum
1080 1830 1231 1881 melioribus

232 1889 247 1922 e
291 1913 298 1928 .

151 1936 286 1989 ramnes
296 1949 388 1992 contra
396 1946 533 2010 Metui,
549 1965 600 2000 non
611 1954 757 2016 oppugnari
767 1953 795 2003 id
805 1955 872 2019 qnod
884 1956 1037 2019 censuisset,
1048 1957 1094 2006 sed
1105 1957 1230 2007 statrrisss

123 1997 246 2052 veteres
256 2008 388 2058 consulem
399 2009 569 2076 designatum,
583 2015 661 2078 jrnrta
677 2017 764 2081 prisca
773 2019 904 2081 instituta,
915 2034 974 2084 quar
985 2033 1075 2069 urnam
1092 2020 1230 2084 legationi·

119 2062 166 2114 bus
176 2069 413 2137 prescripsissent,
428 2089 462 2124 ne
480 2077 515 2126 sie
533 2078 728 2143 cupiditatium
746 2081 814 2133 ediis
826 2084 931 2134 occasio
949 2083 1123 2148 preberetur.
1156 2085 1229 2138 Nini

120 2337 215 2399 cultas,
233 2341 256 2389 si
277 2343 359 2406 magis
377 2343 498 2402 faverent
517 2349 586 2403 libri.
626 2353 726 2420 Virque
746 2354 798 2406 fuit
813 2354 967 2420 Vespasiani
987 2353 1227 2421 smicitie'dlgnns.

120 2402 278 2455 diutim-6
294 2409 432 2461 Brotierus
443 2421 471 2462 et
491 2415 604 2479 Ryclins
621 2418 706 2468 locum
725 2421 892 2484 distinguunt
909 2421 996 2470 asticos
1006 2422 1068 2472 'esse
1100 2421 1227 2485 Setinis.

121 2475 148 2514 et
159 2465 196 2516 ita
208 2469 272 2518 blas.
284 2480 312 2520 et
324 2473 450 2526 editiones
462 2485 572 2532 veteres.
605 2482 745 2533 Rhenanus
757 2491 786 2534 et
795 2487 834 2535 Cl.
846 2487 973 2535 Ernestns
981 2501 1042 2536 cum
1053 2487 1186 2537 Gronovio
1197 2491 1227 2537 et

121 2529 332 2594 Bipontursicss.
367 2539 504 2592 Faesmtic

132 2616 135 2624 ·
153 2599 166 2646 l
183 2597 227 2646 Sic
238 2597 305 2650 bene
317 2602 368 2651 nir.
380 2604 458 2656 corb.
476 2607 615 2658 Rhenanus
634 2617 661 2661 st
680 2612 848 2662 recentiores.
881 2613 972 2663 Editio
983 2615 1115 2677 princeps,
1131 2614 1173 2663 sed
1190 2629 1226 2664 ss·

119 2661 219 2710 mass
228 2669 311 2714 nctus
320 2671 435 2732 exempla.
457 2669 502 2720 Sic
513 2687 616 2738 qnoque
627 2677 793 2727 emendatum
804 2677 830 2725 in
843 2677 893 2726 bis.
901 2677 978 2726 Heri.
1004 2679 1070 2726 Mes.
1080 2678 1157 2727 Bodl.
1167 2677 1225 2729 ses.

121 2730 148 2772 et
158 2724 326 2793 Puteolanus,
343 2733 384 2782 sed
401 2739 482 2783 cetera
501 2740 617 2802 exempta.
649 2739 816 2790 Breuem-2
839 2741 891 2791 bis.
906 2742 985 2793 Corb.
995 2747 1036 2790 cst
1046 2740 1224 2791 inimicitie.-

617 2910 724 2962 NOTAE

152 3023 164 3057 δ
187 3026 239 3076 Hoc
256 3031 465 3098 misceto]
498 3037 610 3103 Nempe,
627 3039 649 3089 sl
690 3041 752 3090 olim
767 3042 905 3105 mississet
915 3055 1002 3106 seper
1024 3041 1224 3092 ettnesmrers

121 3099 225 3151 arbitrio
235 3113 350 3168 senatus,
359 3121 414 3158 nou
429 3117 501 3160 sorte
521 3113 650 3178 eligantur
690 3119 877 3182 exemplabarc
889 3120 1001 3184 reperio.
1034 3119 1127 3169 Cicero
1135 3119 1169 3168 ad
1176 3118 1224 3170 m-

121 3173 205 3240 legen,
217 3179 261 3228 tali
276 3181 378 3244 judicio
396 3185 530 3236 admormri
550 3189 649 3253 Vespe-
689 3195 771 3245 ticum
782 3197 799 3245 l.
811 3210 831 3245 1.
844 3197 928 3261 Epist.
940 3201 979 3247 17.
992 3199 1000 3226 ⁶
1011 3197 1121 3246 Senatus
1133 3197 1224 3248 decre·

121 3249 294 3318 immunes
306 3272 321 3306 e
332 3261 492 3323 proceribus,
502 3279 565 3327 qnos
579 3263 649 3330 epe·
688 3271 738 3332 vit,
753 3278 784 3321 nt
798 3273 878 3336 legari
895 3288 953 3323 cnm
970 3274 1125 3323 anctoritate
1136 3272 1225 3323 mitte·

122 3327 198 3376 tribus
217 3330 271 3392 ipse
289 3347 376 3383 emere
398 3343 443 3386 eut
463 3346 579 3390 metuere
606 3345 649 3393 de·
688 3345 797 3396 rentur!
824 3345 930 3396 'Addit
950 3354 1127 3410 postpauca:
1153 3347 1223 3399 ‘hoc

123 3399 194 3452 beat:
220 3419 271 3454 nun
284 3423 341 3458 esse
353 3412 457 3474 publice
469 3421 647 3486 ostentandos,
687 3437 739 3472 non
751 3437 818 3489 queo
830 3425 981 3488 preterire3
1007 3439 1065 3472 cnm
1080 3425 1114 3473 de
1130 3433 1224 3474 conam

123 3477 164 3540 qu
183 3479 353 3535 delationibus
379 3490 536 3544 occidissent
559 3496 648 3559 bonos,
688 3499 785 3550 laribus
803 3514 861 3550 mes
880 3501 962 3564 prims
975 3513 1033 3548 sors
1051 3500 1158 3562 exisset,
1170 3515 1222 3550 una

123 3558 149 3600 ct
165 3555 265 3617 quidem
283 3560 362 3610 ctiam
380 3565 475 3614 amicos
487 3567 648 3635 Vespasiani,
686 3587 753 3625 voce
776 3583 881 3626 sensim
907 3575 1038 3640 frequens,
1057 3576 1221 3627 retinendum

123 3628 531 3696 im¹²¹⁰ilisossmorendosesses
546 3647 647 3711 Repnb.
686 3654 764 3701 mein
776 3653 841 3702 urbe
853 3652 973 3702 censuit!
1006 3653 1132 3717 Equibns
1143 3653 1220 3703 sorti·

124 3712 149 3754 ⁰¹
159 3712 240 3770 Ιὶῐθθῐ11
256 3727 272 3760 ⁸
288 3716 373 3774 grstia
383 3718 508 3784 principis
520 3726 647 3786 repelles·
687 3729 784 3777 tionem
795 3729 850 3777 illic
858 3728 948 3789 luisse,
959 3730 1028 3776 clerc
1039 3727 1121 3777 vides.

124 3780 172 3833 dos.
202 3785 304 3836 Etenim
322 3793 420 3844 nullum
438 3799 522 3862 majus
539 3810 584 3853 aut
602 3815 646 3852 ex·
718 3803 773 3852 Dic
790 3804 808 3851 Ι.
822 3816 877 3852 ux.
895 3805 1028 3865 ‘degeres
1040 3803 1079 3851 bis
1089 3802 1221 3863 derebus,

123 3859 246 3910 cellentins
266 3879 322 3914 esse
344 3867 403 3918 boni
424 3873 525 3936 imperii
552 3877 645 3928 instru-
685 3874 749 3931 alios
771 3883 873 3946 quidem
894 3889 975 3943 sorte,
995 3882 1130 3932 claudium
1156 3894 1220 3931 vero

125 3944 237 3999 mentum,
254 3955 331 4004 quum
350 3945 432 3996 bonos
449 3957 477 4000 et
496 3958 646 4005 constantes
686 3955 814 4020 suffragiis
833 3959 944 4009 electum
963 3959 1105 4006 miserunt.'
1137 3957 1220 4008 Prnre

124 4011 215 4064 mill·
462 4023 465 4030 '
684 4035 804 4098 'exemplu
814 4035 892 4086 aride
902 4035 1024 4100 questu:
1048 4033 1094 4084 ssd
1111 4032 1218 4086 fusce.

152 4086 299 4142 ¹&rssabss
309 4101 389 4146 actm
399 4104 518 4166 sumpts]
534 4107 644 4172 Egosc·
684 4110 789 4175 dipem
979 4111 983 4114 ’

125 4160 252 4227 ΜΝ
269 4171 341 4233 (llmi
356 4185 459 4238 temper
477 4177 555 4243 legati
571 4189 644 4233 sorte

181 4244 263 4310 Daph·
273 4253 298 4298 a
311 4250 367 4302 yfir·
376 4253 442 4306 cmc
625 4263 705 4317 TW,
1094 4277 1113 4322 9
1128 4271 1151 4323 E
