2925 4742
244 279 333 354 suet
611 304 643 352 o.
666 302 849 354 coeunnu
871 303 999 356 recent
1190 309 1356 376 [suen.

244 445 429 512 monade
441 465 509 512 non
521 450 655 530 posset:
676 446 780 530 igitur
793 447 832 511 in
843 445 1046 516 Praetorium
1058 448 1208 532 accepti.
1257 449 1357 529 Dein,

246 548 371 631 quibus
385 553 469 614 etas
480 553 515 612 et
523 550 618 633 justa
630 549 822 632 stipendia,⁰
835 548 969 614 dimissi
982 567 1061 614 cnm
1074 548 1213 626 honore,
1230 549 1292 614 elii
1314 552 1357 616 ob

245 649 396 734 culpem3
427 650 489 714 sed
510 651 654 733 cerptim
677 669 719 714 ec
744 650 884 734 singuli:
916 667 986 731 quo
1008 649 1180 714 tutissimo
1205 649 1357 716 remedio

246 768 429 816 comenses
442 750 661 818 multitudinis
674 754 883 814 extenuetur.

287 853 343 918 47.
365 850 520 916 Ceterum
534 859 665 916 verene¹
680 853 851 935 pauperie,
864 869 909 916 un
918 850 967 916 uti
980 850 1177 928 videretur?
1189 857 1309 918 ectum
1323 855 1356 920 in

246 951 381 1030 Senatu,
397 956 457 1017 ‘ot
471 953 659 1018 sexcenties
674 952 882 1018 sestertinm‘l
894 971 916 1016 e
929 952 1071 1035 privetis
1085 959 1249 1022 mutuum
1266 955 1356 1020 ecci·

244 1052 394 1137 peretur?
459 1053 734 1138 Praepositnsque
761 1053 794 1118 ei
819 1060 923 1120 curae²
953 1052 1142 1137 Poppaeus³
1170 1054 1355 1120 Silvanus:

245 1173 307 1220 nec
331 1155 435 1219 multo
465 1162 544 1238 post
572 1158 756 1222 necessitas
778 1156 872 1232 obiit,
906 1156 978 1220 sive
1008 1155 1137 1220 omisso
1168 1156 1358 1221 simulatio.

245 1252 424 1338 Abrogatn
434 1255 524 1334 inde,
538 1256 644 1339 legem
657 1258 781 1325 ferente
797 1256 1001 1332 Domitiano,
1016 1254 1254 1334 Consuetus:
1271 1277 1355 1340 qnos

245 1351 406 1421 Vitellius
427 1357 577 1422 dederet.
632 1358 814 1441 Funusque
842 1357 1049 1422 Censorium·
1076 1358 1201 1424 Flavio
1229 1359 1356 1424 Sabino

246 1455 403 1523 doctum:
433 1477 554 1541 magna
567 1458 765 1524 documento
778 1459 945 1524 instabilis
961 1459 1131 1538 Fortunae,
1157 1479 1355 1545 summoque

246 1564 293 1622 eu
306 1558 375 1624 ime
388 1550 584 1624 miscentis}

246 1747 351 1810 pendis.
385 1749 538 1799 Preentioeee
547 1756 625 1813 nost,
632 1753 673 1800 eed
683 1751 768 1828 qulbus
776 1752 856 1802 residi
866 1767 913 1802 sorr
927 1756 1020 1815 poue.-
1041 1752 1121 1816 itnpue
1132 1751 1159 1800 iet
1170 1750 1288 1800 militina
1296 1765 1356 1813 pre-

244 1811 363 1860 terierunt
372 1813 452 1861 uuest
463 1821 532 1863 sont.
564 1815 639 1875 Dete,
654 1816 738 1876 petbus
747 1821 807 1864 oetor
817 1821 840 1864 et
851 1819 937 1865 merito
947 1816 1065 1878 stipendio
1086 1823 1173 1878 erent,
1192 1823 1354 1864 sacramento

243 1874 713 1941 nlutimmdeure,sliiobstngitiues;
736 1879 1145 1943 udmdmetdiuisiruquilibet:
1169 1879 1354 1943 quocertieeieu

244 1940 347 1989 reenedtn
357 1940 500 2002 cmpirntio
510 1941 585 1989 turta
595 1940 749 2002 terrosum.

279 2004 390 2051 Ceterum
400 2019 431 2052 ort
441 2019 497 2052 cero
506 2005 595 2067 inopie,
601 2020 633 2053 ns
642 2010 670 2054 ut
681 2006 718 2054 sic
729 2007 872 2068 crederetur,
880 2008 983 2056 relotunt
994 2007 1057 2068 opud
1063 2011 1154 2068 pntree,
1163 2012 1195 2055 nt
1206 2007 1351 2056 sexcentier

245 2066 394 2116 sestertium
412 2083 427 2116 e
445 2069 553 2130 privetis
564 2077 680 2118 mutuum
699 2077 855 2120 sumeretur.
888 2069 1066 2132 Proejectusque
1076 2070 1121 2120 toti
1132 2071 1227 2120 muneri
1238 2071 1353 2134 Poppoest

245 2130 371 2180 Silenum
396 2137 421 2179 et
429 2133 501 2194 poulo
518 2137 569 2195 poet
584 2139 677 2194 egestus
686 2135 795 2194 amovit,
806 2135 842 2182 eet
860 2139 941 2196 spreto
959 2135 1123 2182 dissueulntio.
1156 2135 1226 2184 Dein
1237 2134 1351 2196 abrogati,

244 2195 320 2256 legem
329 2195 447 2243 tentate
457 2195 604 2256 Domitiano,
612 2199 755 2260 motus,
772 2212 830 2260 quos
851 2198 962 2248 Vitellius
980 2203 1132 2247 concesserat.
1169 2199 1204 2246 Et
1216 2201 1298 2248 desere
1307 2213 1353 2246 ees·

244 2257 308 2306 serie
318 2257 439 2306 eelebrutoe
449 2259 556 2320 exequie
566 2260 646 2308 Flneit
655 2261 755 2311 Sabin.-
780 2277 867 2324 mogun
882 2261 989 2324 exemplu
1000 2259 1099 2320 sollerte
1109 2261 1230 2326 fortuna,
1246 2262 1350 2312 ruilione

245 2320 316 2371 simul
325 2334 349 2371 et
360 2322 443 2386 irrjirnn
449 2323 622 2386 perreieeeette.

708 2456 887 2477 ”nonunt

278 2558 292 2602 1
313 2554 384 2616 Vero,
401 2553 500 2603 excidit
518 2554 545 2602 in
564 2554 614 2602 liis.
627 2554 693 2616 Reg.
713 2561 741 2603 et
757 2555 874 2604 editione
893 2555 1019 2620 principe.
1053 2558 1105 2607 Ms.
1125 2557 1234 2620 Ryclrii,
1245 2557 1349 2606 θείω

244 2618 333 2667 relinet
348 2634 378 2667 se
395 2619 508 2681 pauperie
523 2618 590 2666 obutt'
607 2620 802 2668 ridentum—2
820 2620 851 2668 ln
863 2621 936 2670 Meto
955 2621 1048 2684 Ryckii
1066 2621 1233 2670 desiderator
1251 2637 1349 2670 cure.-

244 2681 412 2731 ³Brotierus
432 2683 498 2745 legit
516 2683 643 2744 Pompeius
653 2683 781 2732 Sdonueu:
807 2691 834 2732 et
849 2685 886 2733 sic
905 2686 970 2734 Mes.
991 2687 1055 2750 Reg.
1077 2685 1152 2735 Heri.
1163 2686 1307 2737 Bodt.tes.
1323 2691 1348 2733 et

245 2746 373 2795 editiones
385 2759 494 2795 veteres.
529 2746 644 2795 Picbeue
655 2753 683 2794 et
693 2747 863 2808 recentiores,
874 2748 991 2812 Poppaeus
1000 2749 1119 2812 Silennus,
1136 2759 1163 2800 et
1181 2751 1220 2798 sic
1230 2749 1349 2814 llycklus,

245 2809 362 2860 Gronov.
373 2817 402 2860 et
415 2811 569 2874 Bipont.-‹t
586 2809 801 2862 (streitonensi.
819 2818 846 2860 et
863 2812 905 2862 ed.
923 2828 963 2876 pr.
978 2813 1070 2863 vitiose
1081 2813 1218 2876 adroganti.
1251 2814 1347 2862 Ernest.

245 2879 293 2922 -6
310 2874 353 2924 Sic
365 2875 463 2938 optime
475 2875 525 2923 bis.
538 2873 602 2936 Agr.
613 2875 795 2938 Berneggerus
814 2883 843 2924 et
863 2877 1029 2927 recentiores.
1063 2877 1095 2926 In
1113 2877 1177 2928 bles.
1198 2879 1264 2941 Reg.
1281 2875 1348 2926 Heri.

246 2937 322 2988 Bodl.
332 2938 388 2990 des.
397 2947 426 2988 et
436 2938 593 2988 editionibus
605 2939 749 3003 veteribus,
759 2954 892 3004 utrimnque
900 2941 981 2992 etium.
1010 2941 1125 2992 Brotier.
1176 2973 1180 2986 ·

745 3099 851 3153 NOTAE

277 3237 290 3263 ⁰
314 3228 407 3286 Quibus
427 3235 488 3280 oetse
510 3236 535 3280 et
554 3233 624 3294 justu
647 3235 778 3298 etipesdin]
818 3241 868 3300 est,
877 3239 985 3296 idem
997 3235 1042 3286 lib.
1052 3235 1125 3285 steri.
1159 3235 1237 3286 enee.

245 3304 349 3370 Nempe
367 3306 510 3371 sexdecim,
527 3309 569 3358 rel
587 3310 667 3359 etiem
685 3311 778 3376 viginti
851 3309 1193 3375 ‘Abrogoti....Corsulotue]
1228 3303 1347 3370 Abrogsri

245 3381 314 3431 ⁸⁰⁰1·
776 3387 786 3394 “
816 3391 876 3453 iege
889 3404 990 3452 semper
1002 3388 1093 3437 debuit
1104 3388 1252 3436 consuletur
1263 3396 1344 3434 eorum

277 3464 291 3498 Ρ
307 3457 535 3523 Aeutiot'deretur]
552 3461 657 3513 Sueton.
669 3467 776 3526 cupiti.
817 3465 862 3528 qui
874 3465 916 3513 vel
928 3465 995 3513 ultro
1013 3462 1127 3524 exibent,
1141 3463 1181 3510 vel
1198 3458 1343 3510 abdicabun-

242 3531 344 3581 ‘Ioitio
362 3534 449 3582 stetim
468 3535 628 3599 principetur
646 3537 777 3600 professus
818 3549 870 3604 tur,
888 3541 1037 3605 priusquam
1056 3540 1082 3588 in
1100 3552 1188 3588 eornm
1208 3539 1289 3586 locum
1304 3533 1345 3583 slii

242 3609 479 3671 estVespesienns,
497 3611 709 3675 quadringenties
721 3613 777 3662 mil·
817 3615 1007 3678 sufficerentur,
1025 3615 1105 3664 etiem
1122 3623 1288 3672 mortuorum,
1306 3608 1343 3659 rel

242 3683 291 3734 lies
318 3684 372 3734 HS.
392 3700 456 3748 opus
479 3701 544 3744 esse,
568 3695 597 3735 ut
621 3689 780 3752 Respublica
818 3700 847 3742 et
857 3693 1039 3756 perduellium,
1055 3695 1103 3741 &c
1122 3692 1189 3755 qrrcd
1201 3704 1276 3753 supra
1287 3699 1343 3748 neg·

243 3766 314 3810 ’ωε
342 3766 447 3824 P⁰⁸⁸0t¹
496 3762 602 3811 Summe
623 3765 665 3812 oni
690 3780 778 3829 perenn
818 3765 1248 3826 lectumeVitellioinCaecinem‚
1264 3759 1341 3814 crimi-

243 3835 372 3887 endivisse
393 3851 444 3884 non
459 3838 573 3897 memini,
582 3839 681 3903 colligit
698 3857 778 3904 sopre
818 3843 1019 3893 netur'l'nvitus.

242 3918 376 3962 trecentos
388 3914 513 3962 militones
525 3915 656 3964 librarum.
691 3918 767 3968 Sneil.
850 3923 859 3949 ¹
886 3917 1011 3979 funusque
1029 3915 1176 3978 emortum]
1211 3909 1340 3978 Magnifice

275 3988 596 4054 *erreetieesettertiuffl
617 3993 776 4043 Quindecies
817 4000 977 4041 exstructum
1007 3989 1147 4054 significet,
1174 4002 1202 4040 et
1227 3985 1340 4039 eminenti

243 4074 355 4117 centeno
375 4069 453 4117 mittis
472 4067 625 4122 ducatorum
645 4072 776 4137 quantitas
818 4084 872 4132 pree
883 4069 978 4118 ceteris
987 4075 1125 4130 apparatu,
1135 4076 1165 4117 ut
1174 4081 1284 4117 censure.
1292 4063 1341 4126 dig·

242 4143 320 4209 huju·
339 4146 457 4210 pecunie
482 4154 577 4212 mquet.
609 4149 700 4202 Alcint.
744 4149 777 4200 Id
816 4143 885 4196 nites
908 4143 1013 4209 reliquie
1035 4142 1215 4212 prefulgebst,
1240 4148 1337 4206 oretque
1430 4169 1431 4176 .
