<?xml version="1.0" encoding="UTF-8"?>
<!DOCTYPE html PUBLIC "-//W3C//DTD XHTML 1.0 Transitional//EN"
    "http://www.w3.org/TR/xhtml1/DTD/xhtml1-transitional.dtd">
<html xmlns="http://www.w3.org/1999/xhtml" xml:lang="en" lang="en">
 <head>
  <title>
</title>
<meta http-equiv="Content-Type" content="text/html;charset=utf-8" />
  <meta name='ocr-system' content='tesseract 3.04.00' />
  <meta name='ocr-capabilities' content='ocr_page ocr_carea ocr_par ocr_line ocrx_word'/>
</head>
<body>
  <div class='ocr_page' id='page_1' title='image "./ccorneliitaciti02lipsgoog/ccorneliitaciti02lipsgoog_0140.png"; bbox 0 0 2925 4742; ppageno 0'>
   <div class='ocr_carea' id='block_1_1' title="bbox 228 311 1346 392">
    <p class='ocr_par' dir='ltr' id='par_1_1' title="bbox 228 311 1346 392">
     <span class='ocr_line' id='line_1_1' title="bbox 228 311 1346 392; baseline -0.005 -17"><span class='ocrx_word' id='word_1_1' title='bbox 228 311 316 382; x_wconf 73' lang='lat'><strong>2878</strong></span> <span class='ocrx_word' id='word_1_2' title='bbox 585 323 823 376; x_wconf 82' lang='lat' dir='ltr'><strong>o.oonrtnr.rt</strong></span> <span class='ocrx_word' id='word_1_3' title='bbox 844 323 973 373; x_wconf 84' lang='lat' dir='ltr'><strong>rsorrr</strong></span> <span class='ocrx_word' id='word_1_4' title='bbox 1170 325 1346 392; x_wconf 46' lang='lat' dir='ltr'><strong>[auen.</strong></span> 
     </span>
    </p>
   </div>
   <div class='ocr_carea' id='block_1_2' title="bbox 227 462 1344 1156">
    <p class='ocr_par' dir='ltr' id='par_1_2' title="bbox 227 462 1344 1156">
     <span class='ocr_line' id='line_1_2' title="bbox 229 462 1344 558; baseline -0.005 -20"><span class='ocrx_word' id='word_1_5' title='bbox 229 491 293 558; x_wconf 90' lang='lat' dir='ltr'><strong>qne</strong></span> <span class='ocrx_word' id='word_1_6' title='bbox 307 470 470 535; x_wconf 76' lang='lat' dir='ltr'><strong>Danubii¹</strong></span> <span class='ocrx_word' id='word_1_7' title='bbox 490 470 565 553; x_wconf 87' lang='lat' dir='ltr'><strong>ripa</strong></span> <span class='ocrx_word' id='word_1_8' title='bbox 588 469 807 552; x_wconf 79' lang='lat' dir='ltr'><strong>potiebantur.</strong></span> <span class='ocrx_word' id='word_1_9' title='bbox 852 465 995 550; x_wconf 75' lang='lat' dir='ltr'><strong>Jamque</strong></span> <span class='ocrx_word' id='word_1_10' title='bbox 1017 470 1130 532; x_wconf 79' lang='lat' dir='ltr'><strong>castre</strong></span> <span class='ocrx_word' id='word_1_11' title='bbox 1151 462 1344 548; x_wconf 78' lang='lat' dir='ltr'><strong>legionum¹¹</strong></span> 
     </span>
     <span class='ocr_line' id='line_1_3' title="bbox 228 564 1343 653; baseline -0.005 -16"><span class='ocrx_word' id='word_1_12' title='bbox 228 572 423 638; x_wconf 77' lang='lat' dir='ltr'><strong>exscindere</strong></span> <span class='ocrx_word' id='word_1_13' title='bbox 440 571 663 653; x_wconf 70' lang='lat' dir='ltr'><strong>parabantur</strong></span> <span class='ocrx_word' id='word_1_14' title='bbox 682 569 861 632; x_wconf 80' lang='lat' dir='ltr'>Mucianus</span> <span class='ocrx_word' id='word_1_15' title='bbox 881 572 1014 631; x_wconf 79' lang='lat' dir='ltr'><strong>sextam</strong></span> <span class='ocrx_word' id='word_1_16' title='bbox 1038 564 1209 648; x_wconf 70' lang='lat' dir='ltr'><strong>legionem*</strong></span> <span class='ocrx_word' id='word_1_17' title='bbox 1222 585 1343 652; x_wconf 91' lang='lat' dir='ltr'><strong>oppo-</strong></span> 
     </span>
     <span class='ocr_line' id='line_1_4' title="bbox 227 665 1343 750; baseline -0.005 -12"><span class='ocrx_word' id='word_1_18' title='bbox 227 673 361 750; x_wconf 79' lang='lat' dir='ltr'><strong>suisset,</strong></span> <span class='ocrx_word' id='word_1_19' title='bbox 377 671 606 736; x_wconf 82' lang='lat' dir='ltr'>Cremonensis</span> <span class='ocrx_word' id='word_1_20' title='bbox 621 671 771 732; x_wconf 82' lang='lat' dir='ltr'><strong>victoriae</strong></span> <span class='ocrx_word' id='word_1_21' title='bbox 790 688 924 749; x_wconf 82' lang='lat' dir='ltr'><strong>gnarus,</strong></span> <span class='ocrx_word' id='word_1_22' title='bbox 945 688 985 731; x_wconf 85' lang='lat' dir='ltr'><strong>ec</strong></span> <span class='ocrx_word' id='word_1_23' title='bbox 1004 665 1050 731; x_wconf 72' lang='lat' dir='ltr'><strong>&#39;ue</strong></span> <span class='ocrx_word' id='word_1_24' title='bbox 1067 676 1205 731; x_wconf 84' lang='lat' dir='ltr'><strong>externe</strong></span> <span class='ocrx_word' id='word_1_25' title='bbox 1219 667 1343 732; x_wconf 63' lang='lat' dir='ltr'><strong>moles!</strong></span> 
     </span>
     <span class='ocr_line' id='line_1_5' title="bbox 227 769 1338 858; baseline -0.005 -19"><span class='ocrx_word' id='word_1_26' title='bbox 227 777 389 858; x_wconf 88' lang='lat' dir='ltr'><strong>utrimque</strong></span> <span class='ocrx_word' id='word_1_27' title='bbox 404 775 578 855; x_wconf 75' lang='lat' dir='ltr'><strong>ingrueret,</strong></span> <span class='ocrx_word' id='word_1_28' title='bbox 604 773 634 836; x_wconf 83' lang='lat' dir='ltr'><strong>si</strong></span> <span class='ocrx_word' id='word_1_29' title='bbox 651 771 766 834; x_wconf 83' lang='lat' dir='ltr'><strong>Dacus</strong></span> <span class='ocrx_word' id='word_1_30' title='bbox 786 771 1038 851; x_wconf 79' lang='lat' dir='ltr'><strong>Germanusque</strong></span> <span class='ocrx_word' id='word_1_31' title='bbox 1053 769 1176 832; x_wconf 82' lang='lat' dir='ltr'><strong>diversi</strong></span> <span class='ocrx_word' id='word_1_32' title='bbox 1190 771 1338 853; x_wconf 89' lang='lat' dir='ltr'><strong>irrupis-</strong></span> 
     </span>
     <span class='ocr_line' id='line_1_6' title="bbox 228 869 1335 956; baseline -0.004 -17"><span class='ocrx_word' id='word_1_33' title='bbox 228 882 312 940; x_wconf 84' lang='lat' dir='ltr'><strong>sent.</strong></span> <span class='ocrx_word' id='word_1_34' title='bbox 358 875 473 952; x_wconf 86' lang='lat' dir='ltr'><strong>Affuit,</strong></span> <span class='ocrx_word' id='word_1_35' title='bbox 496 881 533 938; x_wconf 90' lang='lat' dir='ltr'><strong>ut</strong></span> <span class='ocrx_word' id='word_1_36' title='bbox 561 892 653 956; x_wconf 86' lang='lat' dir='ltr'><strong>seepe</strong></span> <span class='ocrx_word' id='word_1_37' title='bbox 671 875 776 949; x_wconf 79' lang='lat' dir='ltr'><strong>elias,</strong></span> <span class='ocrx_word' id='word_1_38' title='bbox 803 872 951 936; x_wconf 77' lang='lat' dir='ltr'><strong>Fortuna</strong></span> <span class='ocrx_word' id='word_1_39' title='bbox 974 870 1095 953; x_wconf 84' lang='lat' dir='ltr'><strong>Populi</strong></span> <span class='ocrx_word' id='word_1_40' title='bbox 1124 869 1225 934; x_wconf 88' lang='lat' dir='ltr'><strong>Rom.</strong></span> <span class='ocrx_word' id='word_1_41' title='bbox 1250 889 1335 953; x_wconf 80' lang='lat' dir='ltr'><strong>quse</strong></span> 
     </span>
     <span class='ocr_line' id='line_1_7' title="bbox 229 969 1337 1057; baseline -0.003 -18"><span class='ocrx_word' id='word_1_42' title='bbox 229 974 422 1041; x_wconf 85' lang='lat' dir='ltr'><strong>Mucianum</strong></span> <span class='ocrx_word' id='word_1_43' title='bbox 451 976 604 1057; x_wconf 89' lang='lat' dir='ltr'><strong>viresque</strong></span> <span class='ocrx_word' id='word_1_44' title='bbox 642 973 791 1038; x_wconf 83' lang='lat' dir='ltr'><strong>Orientis</strong></span> <span class='ocrx_word' id='word_1_45' title='bbox 819 973 897 1036; x_wconf 87' lang='lat' dir='ltr'><strong>illuc</strong></span> <span class='ocrx_word' id='word_1_46' title='bbox 933 971 1026 1036; x_wconf 89' lang='lat' dir='ltr'><strong>tulit:</strong></span> <span class='ocrx_word' id='word_1_47' title='bbox 1070 977 1104 1036; x_wconf 90' lang='lat' dir='ltr'><strong>et</strong></span> <span class='ocrx_word' id='word_1_48' title='bbox 1132 971 1220 1056; x_wconf 89' lang='lat' dir='ltr'><strong>quod</strong></span> <span class='ocrx_word' id='word_1_49' title='bbox 1249 969 1337 1036; x_wconf 85' lang='lat' dir='ltr'><strong>Cre·</strong></span> 
     </span>
     <span class='ocr_line' id='line_1_8' title="bbox 228 1068 1336 1156; baseline -0.005 -16"><span class='ocrx_word' id='word_1_50' title='bbox 228 1095 335 1140; x_wconf 82' lang='lat' dir='ltr'><strong>monce</strong></span> <span class='ocrx_word' id='word_1_51' title='bbox 364 1074 492 1138; x_wconf 90' lang='lat' dir='ltr'><strong>interim</strong></span> <span class='ocrx_word' id='word_1_52' title='bbox 520 1074 748 1156; x_wconf 81' lang='lat' dir='ltr'><strong>transegimus.</strong></span> <span class='ocrx_word' id='word_1_53' title='bbox 795 1071 954 1136; x_wconf 86' lang='lat' dir='ltr'><strong>Fonteius</strong></span> <span class='ocrx_word' id='word_1_54' title='bbox 979 1068 1144 1155; x_wconf 57' lang='lat' dir='ltr'><strong>Agrippa*</strong></span> <span class='ocrx_word' id='word_1_55' title='bbox 1171 1091 1216 1134; x_wconf 87' lang='lat' dir='ltr'><strong>ex</strong></span> <span class='ocrx_word' id='word_1_56' title='bbox 1241 1069 1336 1136; x_wconf 77' lang='lat' dir='ltr'><strong>Asia</strong></span> 
     </span>
    </p>
   </div>
   <div class='ocr_carea' id='block_1_3' title="bbox 224 1241 1337 1566">
    <p class='ocr_par' dir='ltr' id='par_1_3' title="bbox 224 1241 1337 1566">
     <span class='ocr_line' id='line_1_9' title="bbox 228 1241 1335 1310; baseline -0.003 -12"><span class='ocrx_word' id='word_1_57' title='bbox 228 1251 351 1310; x_wconf 65' lang='lat' dir='ltr'><strong>ntnmw</strong></span> <span class='ocrx_word' id='word_1_58' title='bbox 361 1245 469 1295; x_wconf 81' lang='lat' dir='ltr'><strong>Danubii</strong></span> <span class='ocrx_word' id='word_1_59' title='bbox 479 1247 548 1296; x_wconf 82' lang='lat' dir='ltr'><strong>littus</strong></span> <span class='ocrx_word' id='word_1_60' title='bbox 558 1241 701 1294; x_wconf 75' lang='lat' dir='ltr'><strong>insederunt.</strong></span> <span class='ocrx_word' id='word_1_61' title='bbox 734 1244 836 1306; x_wconf 66' lang='lat' dir='ltr'><strong>Jamque</strong></span> <span class='ocrx_word' id='word_1_62' title='bbox 846 1244 950 1307; x_wconf 65' lang='lat' dir='ltr'><strong>hyberno</strong></span> <span class='ocrx_word' id='word_1_63' title='bbox 964 1245 1082 1305; x_wconf 66' lang='lat' dir='ltr'><strong>legionen</strong></span> <span class='ocrx_word' id='word_1_64' title='bbox 1092 1251 1195 1293; x_wconf 80' lang='lat' dir='ltr'><strong>eeertm</strong></span> <span class='ocrx_word' id='word_1_65' title='bbox 1204 1245 1335 1308; x_wconf 65' lang='lat' dir='ltr'><strong>pamm,</strong></span> 
     </span>
     <span class='ocr_line' id='line_1_10' title="bbox 228 1302 1334 1370; baseline -0.003 -9"><span class='ocrx_word' id='word_1_66' title='bbox 228 1313 254 1362; x_wconf 88' lang='lat' dir='ltr'><strong>ni</strong></span> <span class='ocrx_word' id='word_1_67' title='bbox 265 1302 390 1360; x_wconf 77' lang='lat' dir='ltr'><strong>Mucianus</strong></span> <span class='ocrx_word' id='word_1_68' title='bbox 401 1310 520 1368; x_wconf 73' lang='lat' dir='ltr'><strong>objectaret</strong></span> <span class='ocrx_word' id='word_1_69' title='bbox 529 1314 620 1358; x_wconf 70' lang='lat' dir='ltr'><strong>senten</strong></span> <span class='ocrx_word' id='word_1_70' title='bbox 631 1310 754 1368; x_wconf 75' lang='lat' dir='ltr'><strong>legionem,</strong></span> <span class='ocrx_word' id='word_1_71' title='bbox 764 1314 881 1370; x_wconf 82' lang='lat' dir='ltr'><strong>comperta</strong></span> <span class='ocrx_word' id='word_1_72' title='bbox 892 1310 1041 1356; x_wconf 72' lang='lat' dir='ltr'><strong>Cremonensi</strong></span> <span class='ocrx_word' id='word_1_73' title='bbox 1051 1308 1159 1369; x_wconf 63' lang='grc' dir='ltr'><strong>ἀσωτία,</strong></span> <span class='ocrx_word' id='word_1_74' title='bbox 1170 1325 1198 1356; x_wconf 83' lang='lat' dir='ltr'><strong>ae</strong></span> <span class='ocrx_word' id='word_1_75' title='bbox 1210 1324 1240 1357; x_wconf 90' lang='lat' dir='ltr'><strong>ne</strong></span> <span class='ocrx_word' id='word_1_76' title='bbox 1249 1315 1334 1358; x_wconf 61' lang='lat' dir='ltr'><strong>estn-</strong></span> 
     </span>
     <span class='ocr_line' id='line_1_11' title="bbox 228 1373 1337 1436; baseline -0.003 -12"><span class='ocrx_word' id='word_1_77' title='bbox 228 1390 260 1424; x_wconf 83' lang='lat' dir='ltr'><strong>no</strong></span> <span class='ocrx_word' id='word_1_78' title='bbox 270 1375 306 1424; x_wconf 85' lang='lat' dir='ltr'><strong>uis</strong></span> <span class='ocrx_word' id='word_1_79' title='bbox 316 1375 434 1436; x_wconf 69' lang='lat' dir='ltr'><strong>rneirnque</strong></span> <span class='ocrx_word' id='word_1_80' title='bbox 444 1373 596 1433; x_wconf 75' lang='lat' dir='ltr'><strong>incumberet,</strong></span> <span class='ocrx_word' id='word_1_81' title='bbox 614 1373 636 1420; x_wconf 82' lang='lat' dir='ltr'><strong>ri</strong></span> <span class='ocrx_word' id='word_1_82' title='bbox 648 1373 730 1420; x_wconf 83' lang='lat' dir='ltr'><strong>Dacus</strong></span> <span class='ocrx_word' id='word_1_83' title='bbox 741 1377 765 1420; x_wconf 88' lang='lat' dir='ltr'><strong>et</strong></span> <span class='ocrx_word' id='word_1_84' title='bbox 777 1373 909 1420; x_wconf 81' lang='lat' dir='ltr'><strong>Gertnsnss</strong></span> <span class='ocrx_word' id='word_1_85' title='bbox 919 1373 1011 1419; x_wconf 62' lang='lat' dir='ltr'><strong>iberas</strong></span> <span class='ocrx_word' id='word_1_86' title='bbox 1020 1377 1089 1434; x_wconf 82' lang='lat' dir='ltr'><strong>parte</strong></span> <span class='ocrx_word' id='word_1_87' title='bbox 1099 1373 1246 1421; x_wconf 66' lang='lat' dir='ltr'><strong>inmsinent.</strong></span> <span class='ocrx_word' id='word_1_88' title='bbox 1279 1375 1337 1421; x_wconf 64' lang='lat' dir='ltr'><strong>alti·</strong></span> 
     </span>
     <span class='ocr_line' id='line_1_12' title="bbox 224 1435 1335 1500; baseline -0.002 -13"><span class='ocrx_word' id='word_1_89' title='bbox 224 1436 330 1500; x_wconf 60' lang='lat' dir='ltr'><strong>inuitat</strong></span> <span class='ocrx_word' id='word_1_90' title='bbox 340 1453 401 1500; x_wconf 84' lang='lat' dir='ltr'><strong>soepe</strong></span> <span class='ocrx_word' id='word_1_91' title='bbox 411 1435 584 1497; x_wconf 64' lang='lat' dir='ltr'><strong>niceforum</strong></span> <span class='ocrx_word' id='word_1_92' title='bbox 594 1438 672 1498; x_wconf 73' lang='lat' dir='ltr'><strong>populi</strong></span> <span class='ocrx_word' id='word_1_93' title='bbox 685 1436 806 1494; x_wconf 72' lang='lat' dir='ltr'><strong>Rotnani,⁸</strong></span> <span class='ocrx_word' id='word_1_94' title='bbox 821 1451 873 1497; x_wconf 77' lang='lat' dir='ltr'><strong>qno</strong></span> <span class='ocrx_word' id='word_1_95' title='bbox 885 1435 1023 1484; x_wconf 68' lang='lat' dir='ltr'><strong>neem</strong></span> <span class='ocrx_word' id='word_1_96' title='bbox 1033 1439 1057 1484; x_wconf 83' lang='lat' dir='ltr'><strong>et</strong></span> <span class='ocrx_word' id='word_1_97' title='bbox 1067 1436 1146 1497; x_wconf 77' lang='lat' dir='ltr'><strong>copias</strong></span> <span class='ocrx_word' id='word_1_98' title='bbox 1156 1435 1264 1485; x_wconf 73' lang='lat' dir='ltr'><strong>Orientis</strong></span> <span class='ocrx_word' id='word_1_99' title='bbox 1273 1436 1335 1485; x_wconf 76' lang='lat' dir='ltr'><strong>ilinc</strong></span> 
     </span>
     <span class='ocr_line' id='line_1_13' title="bbox 227 1498 1334 1566; baseline -0.002 -14"><span class='ocrx_word' id='word_1_100' title='bbox 227 1503 313 1552; x_wconf 71' lang='lat' dir='ltr'><strong>insit:</strong></span> <span class='ocrx_word' id='word_1_101' title='bbox 328 1507 350 1551; x_wconf 89' lang='lat' dir='ltr'><strong>et</strong></span> <span class='ocrx_word' id='word_1_102' title='bbox 359 1503 414 1566; x_wconf 81' lang='lat' dir='ltr'><strong>quio</strong></span> <span class='ocrx_word' id='word_1_103' title='bbox 427 1503 547 1550; x_wconf 72' lang='lat' dir='ltr'><strong>cemma</strong></span> <span class='ocrx_word' id='word_1_104' title='bbox 562 1503 652 1550; x_wconf 64' lang='grc' dir='ltr'><strong>ἐπίστια</strong></span> <span class='ocrx_word' id='word_1_105' title='bbox 667 1499 840 1549; x_wconf 62' lang='lat' dir='ltr'><strong>&amp;bellunm</strong></span> <span class='ocrx_word' id='word_1_106' title='bbox 874 1498 987 1549; x_wconf 77' lang='lat' dir='ltr'><strong>Fonteius</strong></span> <span class='ocrx_word' id='word_1_107' title='bbox 996 1499 1108 1564; x_wconf 72' lang='lat' dir='ltr'><strong>Agrippa</strong></span> <span class='ocrx_word' id='word_1_108' title='bbox 1121 1505 1175 1563; x_wconf 87' lang='lat' dir='ltr'><strong>post</strong></span> <span class='ocrx_word' id='word_1_109' title='bbox 1185 1501 1279 1564; x_wconf 76' lang='lat' dir='ltr'><strong>Asiane,</strong></span> <span class='ocrx_word' id='word_1_110' title='bbox 1289 1500 1334 1550; x_wconf 70' lang='grc' dir='ltr'><strong>ω’</strong></span> 
     </span>
    </p>
   </div>
   <div class='ocr_carea' id='block_1_4' title="bbox 725 1661 836 1714">
    <p class='ocr_par' dir='ltr' id='par_1_4' title="bbox 725 1661 836 1714">
     <span class='ocr_line' id='line_1_14' title="bbox 725 1661 836 1714; baseline 0.018 -2"><span class='ocrx_word' id='word_1_111' title='bbox 725 1661 836 1714; x_wconf 69' lang='lat' dir='ltr'><strong>Now</strong></span> 
     </span>
    </p>
   </div>
   <div class='ocr_carea' id='block_1_5' title="bbox 215 1788 1336 2755">
    <p class='ocr_par' dir='ltr' id='par_1_5' title="bbox 215 1788 1336 2755">
     <span class='ocr_line' id='line_1_15' title="bbox 227 1788 1332 1852; baseline 0.002 -14"><span class='ocrx_word' id='word_1_112' title='bbox 227 1789 292 1840; x_wconf 89' lang='lat' dir='ltr'><strong>bant</strong></span> <span class='ocrx_word' id='word_1_113' title='bbox 309 1803 368 1838; x_wconf 80' lang='lat' dir='ltr'><strong>sues</strong></span> <span class='ocrx_word' id='word_1_114' title='bbox 387 1791 506 1840; x_wconf 84' lang='lat' dir='ltr'><strong>cobortes</strong></span> <span class='ocrx_word' id='word_1_115' title='bbox 522 1791 596 1840; x_wconf 88' lang='lat' dir='ltr'><strong>Rom.</strong></span> <span class='ocrx_word' id='word_1_116' title='bbox 608 1794 654 1840; x_wconf 90' lang='lat' dir='ltr'><strong>aut</strong></span> <span class='ocrx_word' id='word_1_117' title='bbox 665 1789 758 1838; x_wconf 85' lang='lat' dir='ltr'><strong>saltem</strong></span> <span class='ocrx_word' id='word_1_118' title='bbox 798 1804 924 1852; x_wconf 77' lang='lat' dir='ltr'><strong>ropnum,</strong></span> <span class='ocrx_word' id='word_1_119' title='bbox 935 1788 1029 1838; x_wconf 81' lang='lat' dir='ltr'><strong>deiude</strong></span> <span class='ocrx_word' id='word_1_120' title='bbox 1045 1803 1073 1838; x_wconf 86' lang='lat' dir='ltr'><strong>ae</strong></span> <span class='ocrx_word' id='word_1_121' title='bbox 1084 1793 1210 1839; x_wconf 84' lang='lat' dir='ltr'><strong>exonerat</strong></span> <span class='ocrx_word' id='word_1_122' title='bbox 1219 1789 1246 1839; x_wconf 89' lang='lat' dir='ltr'><strong>in</strong></span> <span class='ocrx_word' id='word_1_123' title='bbox 1256 1803 1332 1840; x_wconf 84' lang='lat' dir='ltr'><strong>mara</strong></span> 
     </span>
     <span class='ocr_line' id='line_1_16' title="bbox 228 1863 1227 1928; baseline 0.001 -16"><span class='ocrx_word' id='word_1_124' title='bbox 228 1863 354 1914; x_wconf 86' lang='lat' dir='ltr'><strong>stationes</strong></span> <span class='ocrx_word' id='word_1_125' title='bbox 373 1863 592 1927; x_wconf 68' lang='lat' dir='ltr'><strong>intermiscebant,</strong></span> <span class='ocrx_word' id='word_1_126' title='bbox 612 1871 642 1914; x_wconf 87' lang='lat' dir='ltr'><strong>ut</strong></span> <span class='ocrx_word' id='word_1_127' title='bbox 662 1865 758 1928; x_wconf 82' lang='lat' dir='ltr'><strong>purtim</strong></span> <span class='ocrx_word' id='word_1_128' title='bbox 798 1865 909 1926; x_wconf 77' lang='lat' dir='ltr'><strong>Nigrum</strong></span> <span class='ocrx_word' id='word_1_129' title='bbox 920 1865 1076 1927; x_wconf 84' lang='lat' dir='ltr'><strong>seuMajun.</strong></span> <span class='ocrx_word' id='word_1_130' title='bbox 1106 1864 1227 1914; x_wconf 66' lang='grc' dir='ltr'><strong>ΝΜ.</strong></span> 
     </span>
     <span class='ocr_line' id='line_1_17' title="bbox 228 1937 1335 2002; baseline 0.001 -13"><span class='ocrx_word' id='word_1_131' title='bbox 228 1939 346 2000; x_wconf 80' lang='lat' dir='ltr'><strong>Romani,</strong></span> <span class='ocrx_word' id='word_1_132' title='bbox 357 1941 450 2002; x_wconf 88' lang='lat' dir='ltr'><strong>partim</strong></span> <span class='ocrx_word' id='word_1_133' title='bbox 463 1939 599 1988; x_wconf 74' lang='lat' dir='ltr'><strong>auritteret</strong></span> <span class='ocrx_word' id='word_1_134' title='bbox 610 1946 705 1988; x_wconf 78' lang='lat' dir='ltr'><strong>essent</strong></span> <span class='ocrx_word' id='word_1_135' title='bbox 722 1940 758 1988; x_wconf 82' lang='lat' dir='ltr'><strong>Et</strong></span> <span class='ocrx_word' id='word_1_136' title='bbox 829 1937 842 1971; x_wconf 70' lang='lat' dir='ltr'><strong>i</strong></span> <span class='ocrx_word' id='word_1_137' title='bbox 860 1943 948 1988; x_wconf 84' lang='lat' dir='ltr'><strong>castra</strong></span> <span class='ocrx_word' id='word_1_138' title='bbox 963 1937 1094 2001; x_wconf 59' lang='lat' dir='ltr'><strong>mena]</strong></span> <span class='ocrx_word' id='word_1_139' title='bbox 1111 1939 1178 1989; x_wconf 82' lang='lat' dir='ltr'><strong>Quae</strong></span> <span class='ocrx_word' id='word_1_140' title='bbox 1195 1946 1274 1990; x_wconf 83' lang='lat' dir='ltr'><strong>certe</strong></span> <span class='ocrx_word' id='word_1_141' title='bbox 1285 1953 1335 1990; x_wconf 79' lang='lat' dir='ltr'><strong>ex·</strong></span> 
     </span>
     <span class='ocr_line' id='line_1_18' title="bbox 227 2010 1334 2080; baseline 0.003 -18"><span class='ocrx_word' id='word_1_142' title='bbox 227 2013 266 2064; x_wconf 91' lang='lat' dir='ltr'><strong>sic</strong></span> <span class='ocrx_word' id='word_1_143' title='bbox 284 2014 396 2077; x_wconf 78' lang='lat' dir='ltr'><strong>inspecti</strong></span> <span class='ocrx_word' id='word_1_144' title='bbox 407 2020 435 2063; x_wconf 89' lang='lat' dir='ltr'><strong>et</strong></span> <span class='ocrx_word' id='word_1_145' title='bbox 445 2015 567 2063; x_wconf 86' lang='lat' dir='ltr'><strong>custoditi</strong></span> <span class='ocrx_word' id='word_1_146' title='bbox 578 2014 638 2079; x_wconf 89' lang='lat' dir='ltr'><strong>ipsi,</strong></span> <span class='ocrx_word' id='word_1_147' title='bbox 647 2015 691 2080; x_wconf 88' lang='lat' dir='ltr'><strong>qui</strong></span> <span class='ocrx_word' id='word_1_148' title='bbox 702 2029 757 2064; x_wconf 86' lang='lat' dir='ltr'><strong>eus·</strong></span> <span class='ocrx_word' id='word_1_149' title='bbox 796 2013 914 2062; x_wconf 81' lang='lat' dir='ltr'><strong>scindere</strong></span> <span class='ocrx_word' id='word_1_150' title='bbox 931 2013 1008 2062; x_wconf 84' lang='lat' dir='ltr'><strong>sseiie</strong></span> <span class='ocrx_word' id='word_1_151' title='bbox 1024 2010 1175 2076; x_wconf 81' lang='lat' dir='ltr'><strong>potuerunt,</strong></span> <span class='ocrx_word' id='word_1_152' title='bbox 1186 2028 1245 2064; x_wconf 84' lang='lat' dir='ltr'><strong>cunt</strong></span> <span class='ocrx_word' id='word_1_153' title='bbox 1255 2015 1334 2066; x_wconf 86' lang='lat' dir='ltr'><strong>abes·</strong></span> 
     </span>
     <span class='ocr_line' id='line_1_19' title="bbox 228 2087 1332 2175; baseline 0.002 -37"><span class='ocrx_word' id='word_1_154' title='bbox 228 2087 371 2139; x_wconf 80' lang='lat' dir='ltr'><strong>toiiebant.</strong></span> <span class='ocrx_word' id='word_1_155' title='bbox 798 2096 839 2139; x_wconf 86' lang='lat' dir='ltr'><strong>set</strong></span> <span class='ocrx_word' id='word_1_156' title='bbox 856 2089 934 2138; x_wconf 89' lang='lat' dir='ltr'><strong>robur</strong></span> <span class='ocrx_word' id='word_1_157' title='bbox 947 2089 1062 2152; x_wconf 84' lang='lat' dir='ltr'><strong>ipsarum</strong></span> <span class='ocrx_word' id='word_1_158' title='bbox 1080 2089 1226 2175; x_wconf 45' lang='lat' dir='ltr'><strong>legionum:</strong></span> <span class='ocrx_word' id='word_1_159' title='bbox 1244 2099 1271 2139; x_wconf 85' lang='lat' dir='ltr'><strong>et</strong></span> <span class='ocrx_word' id='word_1_160' title='bbox 1282 2091 1332 2154; x_wconf 92' lang='lat' dir='ltr'><strong>qni</strong></span> 
     </span>
     <span class='ocr_line' id='line_1_20' title="bbox 260 2162 1335 2229; baseline 0.006 -17"><span class='ocrx_word' id='word_1_161' title='bbox 260 2163 320 2213; x_wconf 88' lang='lat' dir='ltr'><strong>Nou</strong></span> <span class='ocrx_word' id='word_1_162' title='bbox 330 2179 435 2226; x_wconf 82' lang='lat' dir='ltr'><strong>prorsus</strong></span> <span class='ocrx_word' id='word_1_163' title='bbox 453 2179 532 2229; x_wconf 75' lang='lat' dir='ltr'><strong>arguo</strong></span> <span class='ocrx_word' id='word_1_164' title='bbox 546 2179 647 2214; x_wconf 84' lang='lat' dir='ltr'><strong>sensum</strong></span> <span class='ocrx_word' id='word_1_165' title='bbox 665 2164 698 2214; x_wconf 86' lang='lat' dir='ltr'><strong>de</strong></span> <span class='ocrx_word' id='word_1_166' title='bbox 715 2179 757 2214; x_wconf 89' lang='lat' dir='ltr'><strong>co·</strong></span> <span class='ocrx_word' id='word_1_167' title='bbox 797 2162 867 2214; x_wconf 81' lang='lat' dir='ltr'><strong>forte</strong></span> <span class='ocrx_word' id='word_1_168' title='bbox 884 2164 969 2213; x_wconf 89' lang='lat' dir='ltr'><strong>relicti</strong></span> <span class='ocrx_word' id='word_1_169' title='bbox 984 2169 1060 2212; x_wconf 89' lang='lat' dir='ltr'><strong>erant</strong></span> <span class='ocrx_word' id='word_1_170' title='bbox 1075 2165 1170 2212; x_wconf 78' lang='lat' dir='ltr'><strong>milites</strong></span> <span class='ocrx_word' id='word_1_171' title='bbox 1181 2165 1335 2218; x_wconf 80' lang='lat' dir='ltr'><strong>custodien-</strong></span> 
     </span>
     <span class='ocr_line' id='line_1_21' title="bbox 227 2239 1336 2305; baseline 0.004 -17"><span class='ocrx_word' id='word_1_172' title='bbox 227 2239 344 2289; x_wconf 82' lang='lat' dir='ltr'><strong>hortibus</strong></span> <span class='ocrx_word' id='word_1_173' title='bbox 363 2242 519 2290; x_wconf 70' lang='lat' dir='ltr'><strong>cultioribus</strong></span> <span class='ocrx_word' id='word_1_174' title='bbox 534 2243 591 2291; x_wconf 90' lang='lat' dir='ltr'><strong>lrie:</strong></span> <span class='ocrx_word' id='word_1_175' title='bbox 611 2243 657 2291; x_wconf 86' lang='lat' dir='ltr'><strong>sed</strong></span> <span class='ocrx_word' id='word_1_176' title='bbox 668 2243 757 2292; x_wconf 83' lang='lat' dir='ltr'><strong>verisi-</strong></span> <span class='ocrx_word' id='word_1_177' title='bbox 798 2240 837 2290; x_wconf 86' lang='lat' dir='ltr'><strong>(lin</strong></span> <span class='ocrx_word' id='word_1_178' title='bbox 855 2241 957 2302; x_wconf 77' lang='lat' dir='ltr'><strong>rasura,</strong></span> <span class='ocrx_word' id='word_1_179' title='bbox 975 2245 1063 2288; x_wconf 83' lang='lat' dir='ltr'><strong>essent</strong></span> <span class='ocrx_word' id='word_1_180' title='bbox 1080 2253 1156 2288; x_wconf 84' lang='lat' dir='ltr'><strong>senes</strong></span> <span class='ocrx_word' id='word_1_181' title='bbox 1168 2240 1287 2305; x_wconf 82' lang='lat' dir='ltr'><strong>plerique</strong></span> <span class='ocrx_word' id='word_1_182' title='bbox 1302 2248 1336 2292; x_wconf 86' lang='lat' dir='ltr'><strong>et</strong></span> 
     </span>
     <span class='ocr_line' id='line_1_22' title="bbox 226 2313 1334 2378; baseline 0.003 -14"><span class='ocrx_word' id='word_1_183' title='bbox 226 2313 289 2364; x_wconf 85' lang='lat' dir='ltr'><strong>urile</strong></span> <span class='ocrx_word' id='word_1_184' title='bbox 305 2320 357 2375; x_wconf 85' lang='lat' dir='ltr'><strong>ent,</strong></span> <span class='ocrx_word' id='word_1_185' title='bbox 374 2313 451 2364; x_wconf 78' lang='lat' dir='ltr'><strong>fuisse</strong></span> <span class='ocrx_word' id='word_1_186' title='bbox 472 2321 500 2364; x_wconf 89' lang='lat' dir='ltr'><strong>et</strong></span> <span class='ocrx_word' id='word_1_187' title='bbox 516 2315 559 2364; x_wconf 89' lang='lat' dir='ltr'><strong>irie.</strong></span> <span class='ocrx_word' id='word_1_188' title='bbox 579 2316 695 2364; x_wconf 82' lang='lat' dir='ltr'><strong>cobortes</strong></span> <span class='ocrx_word' id='word_1_189' title='bbox 708 2316 758 2366; x_wconf 82' lang='lat' dir='ltr'><strong>lto-</strong></span> <span class='ocrx_word' id='word_1_190' title='bbox 797 2315 913 2378; x_wconf 81' lang='lat' dir='ltr'><strong>invalidi,</strong></span> <span class='ocrx_word' id='word_1_191' title='bbox 931 2321 976 2364; x_wconf 88' lang='lat' dir='ltr'><strong>aut</strong></span> <span class='ocrx_word' id='word_1_192' title='bbox 995 2315 1102 2378; x_wconf 87' lang='lat' dir='ltr'><strong>tirones,</strong></span> <span class='ocrx_word' id='word_1_193' title='bbox 1120 2316 1163 2378; x_wconf 88' lang='lat' dir='ltr'><strong>qni</strong></span> <span class='ocrx_word' id='word_1_194' title='bbox 1181 2317 1334 2377; x_wconf 71' lang='lat' dir='ltr'><strong>pretiorum</strong></span> 
     </span>
     <span class='ocr_line' id='line_1_23' title="bbox 227 2389 1288 2454; baseline 0.007 -19"><span class='ocrx_word' id='word_1_195' title='bbox 227 2401 316 2438; x_wconf 84' lang='lat' dir='ltr'><strong>marran</strong></span> <span class='ocrx_word' id='word_1_196' title='bbox 337 2394 366 2437; x_wconf 91' lang='lat' dir='ltr'><strong>et</strong></span> <span class='ocrx_word' id='word_1_197' title='bbox 387 2389 450 2451; x_wconf 86' lang='lat' dir='ltr'><strong>alas,</strong></span> <span class='ocrx_word' id='word_1_198' title='bbox 470 2404 575 2452; x_wconf 88' lang='lat' dir='ltr'><strong>quarum</strong></span> <span class='ocrx_word' id='word_1_199' title='bbox 598 2389 721 2453; x_wconf 73' lang='lat' dir='ltr'><strong>presidia</strong></span> <span class='ocrx_word' id='word_1_200' title='bbox 741 2406 758 2440; x_wconf 88' lang='lat' dir='ltr'><strong>a</strong></span> <span class='ocrx_word' id='word_1_201' title='bbox 796 2391 935 2454; x_wconf 85' lang='lat' dir='ltr'><strong>inexperti.</strong></span> <span class='ocrx_word' id='word_1_202' title='bbox 970 2390 1029 2440; x_wconf 85' lang='lat' dir='ltr'><strong>Hoc</strong></span> <span class='ocrx_word' id='word_1_203' title='bbox 1040 2391 1157 2440; x_wconf 86' lang='lat' dir='ltr'><strong>sciebant</strong></span> <span class='ocrx_word' id='word_1_204' title='bbox 1166 2391 1288 2442; x_wconf 85' lang='lat' dir='ltr'><strong>Barbari.</strong></span> 
     </span>
     <span class='ocr_line' id='line_1_24' title="bbox 227 2462 1334 2532; baseline 0.007 -22"><span class='ocrx_word' id='word_1_205' title='bbox 227 2462 348 2512; x_wconf 83' lang='lat' dir='ltr'><strong>Barbsris</strong></span> <span class='ocrx_word' id='word_1_206' title='bbox 361 2471 510 2526; x_wconf 78' lang='lat' dir='ltr'><strong>expugnatu</strong></span> <span class='ocrx_word' id='word_1_207' title='bbox 528 2465 757 2529; x_wconf 85' lang='lat' dir='ltr'><strong>aunt,priusquam</strong></span> <span class='ocrx_word' id='word_1_208' title='bbox 829 2464 953 2516; x_wconf 77' lang='lat' dir='ltr'><strong>¹Sestarn</strong></span> <span class='ocrx_word' id='word_1_209' title='bbox 967 2465 1093 2528; x_wconf 70' lang='lat' dir='ltr'><strong>legistam]</strong></span> <span class='ocrx_word' id='word_1_210' title='bbox 1119 2467 1215 2529; x_wconf 86' lang='lat' dir='ltr'><strong>ltaque</strong></span> <span class='ocrx_word' id='word_1_211' title='bbox 1231 2467 1334 2532; x_wconf 78' lang='lat' dir='ltr'><strong>duplet</strong></span> 
     </span>
     <span class='ocr_line' id='line_1_25' title="bbox 227 2537 1334 2608; baseline 0.008 -23"><span class='ocrx_word' id='word_1_212' title='bbox 227 2537 379 2599; x_wconf 82' lang='lat' dir='ltr'><strong>cestraipse</strong></span> <span class='ocrx_word' id='word_1_213' title='bbox 390 2538 517 2599; x_wconf 74' lang='lat' dir='ltr'><strong>legionum</strong></span> <span class='ocrx_word' id='word_1_214' title='bbox 529 2539 740 2606; x_wconf 74' lang='lat' dir='ltr'><strong>aggrederentur.</strong></span> <span class='ocrx_word' id='word_1_215' title='bbox 796 2543 846 2592; x_wconf 87' lang='lat' dir='ltr'><strong>boc</strong></span> <span class='ocrx_word' id='word_1_216' title='bbox 860 2543 963 2591; x_wconf 88' lang='lat' dir='ltr'><strong>nomine</strong></span> <span class='ocrx_word' id='word_1_217' title='bbox 974 2543 1051 2605; x_wconf 77' lang='lat' dir='ltr'><strong>legio,</strong></span> <span class='ocrx_word' id='word_1_218' title='bbox 1060 2544 1144 2591; x_wconf 89' lang='lat' dir='ltr'><strong>attera</strong></span> <span class='ocrx_word' id='word_1_219' title='bbox 1153 2541 1180 2590; x_wconf 88' lang='lat' dir='ltr'><strong>in</strong></span> <span class='ocrx_word' id='word_1_220' title='bbox 1192 2542 1334 2608; x_wconf 85' lang='lat' dir='ltr'><strong>Hispanis,</strong></span> 
     </span>
     <span class='ocr_line' id='line_1_26' title="bbox 215 2611 1335 2682; baseline 0.004 -20"><span class='ocrx_word' id='word_1_221' title='bbox 215 2649 216 2654; x_wconf 65' lang='lat'><strong>,</strong></span> <span class='ocrx_word' id='word_1_222' title='bbox 258 2611 442 2674; x_wconf 77' lang='lat' dir='ltr'><strong>Sicinllqric.</strong></span> <span class='ocrx_word' id='word_1_223' title='bbox 453 2613 546 2661; x_wconf 68' lang='lat' dir='ltr'><strong>thubi</strong></span> <span class='ocrx_word' id='word_1_224' title='bbox 557 2614 590 2661; x_wconf 86' lang='lat' dir='ltr'><strong>tle</strong></span> <span class='ocrx_word' id='word_1_225' title='bbox 601 2614 692 2662; x_wconf 84' lang='lat' dir='ltr'><strong>iisdem</strong></span> <span class='ocrx_word' id='word_1_226' title='bbox 703 2615 758 2662; x_wconf 87' lang='lat' dir='ltr'><strong>Da·</strong></span> <span class='ocrx_word' id='word_1_227' title='bbox 796 2617 880 2665; x_wconf 86' lang='lat' dir='ltr'><strong>altera</strong></span> <span class='ocrx_word' id='word_1_228' title='bbox 901 2631 959 2665; x_wconf 85' lang='lat' dir='ltr'><strong>cunt</strong></span> <span class='ocrx_word' id='word_1_229' title='bbox 975 2617 1107 2680; x_wconf 81' lang='lat' dir='ltr'><strong>Muciano,</strong></span> <span class='ocrx_word' id='word_1_230' title='bbox 1125 2631 1202 2682; x_wconf 84' lang='lat' dir='ltr'><strong>quem</strong></span> <span class='ocrx_word' id='word_1_231' title='bbox 1216 2617 1335 2669; x_wconf 84' lang='lat' dir='ltr'><strong>adduce·</strong></span> 
     </span>
     <span class='ocr_line' id='line_1_27' title="bbox 227 2687 1332 2755; baseline 0.004 -15"><span class='ocrx_word' id='word_1_232' title='bbox 227 2689 264 2740; x_wconf 84' lang='lat' dir='ltr'><strong>cis</strong></span> <span class='ocrx_word' id='word_1_233' title='bbox 284 2687 385 2751; x_wconf 76' lang='lat' dir='ltr'><strong>agitur:</strong></span> <span class='ocrx_word' id='word_1_234' title='bbox 402 2688 410 2715; x_wconf 79' lang='lat'><em>⁴</em></span> <span class='ocrx_word' id='word_1_235' title='bbox 421 2688 471 2736; x_wconf 85' lang='lat' dir='ltr'><strong>Tot</strong></span> <span class='ocrx_word' id='word_1_236' title='bbox 486 2688 612 2738; x_wconf 85' lang='lat' dir='ltr'><strong>militares</strong></span> <span class='ocrx_word' id='word_1_237' title='bbox 634 2689 679 2738; x_wconf 82' lang='lat' dir='ltr'><strong>viri</strong></span> <span class='ocrx_word' id='word_1_238' title='bbox 698 2703 756 2738; x_wconf 90' lang='lat' dir='ltr'><strong>cum</strong></span> <span class='ocrx_word' id='word_1_239' title='bbox 796 2689 843 2740; x_wconf 88' lang='lat' dir='ltr'><strong>bat</strong></span> <span class='ocrx_word' id='word_1_240' title='bbox 851 2705 885 2740; x_wconf 81' lang='lat' dir='ltr'><strong>eu</strong></span> <span class='ocrx_word' id='word_1_241' title='bbox 897 2691 1015 2752; x_wconf 88' lang='lat' dir='ltr'><strong>Oriente,</strong></span> <span class='ocrx_word' id='word_1_242' title='bbox 1025 2692 1044 2741; x_wconf 89' lang='lat' dir='ltr'><strong>l.</strong></span> <span class='ocrx_word' id='word_1_243' title='bbox 1053 2705 1084 2740; x_wconf 89' lang='lat' dir='ltr'><strong>tt.</strong></span> <span class='ocrx_word' id='word_1_244' title='bbox 1094 2696 1135 2741; x_wconf 74' lang='lat'><strong>88.</strong></span> <span class='ocrx_word' id='word_1_245' title='bbox 1145 2693 1241 2755; x_wconf 80' lang='lat' dir='ltr'><strong>‘Legio</strong></span> <span class='ocrx_word' id='word_1_246' title='bbox 1252 2699 1332 2744; x_wconf 79' lang='lat' dir='ltr'><strong>sexta</strong></span> 
     </span>
    </p>
   </div>
   <div class='ocr_carea' id='block_1_6' title="bbox 144 2757 1333 2828">
    <p class='ocr_par' dir='ltr' id='par_1_6' title="bbox 144 2757 1333 2828">
     <span class='ocr_line' id='line_1_28' title="bbox 144 2757 1333 2828; baseline 0.003 -14"><span class='ocrx_word' id='word_1_247' title='bbox 144 2757 147 2764; x_wconf 75' lang='lat'>&#39;</span> <span class='ocrx_word' id='word_1_248' title='bbox 226 2768 268 2814; x_wconf 90' lang='lat' dir='ltr'><strong>tot</strong></span> <span class='ocrx_word' id='word_1_249' title='bbox 285 2763 434 2815; x_wconf 87' lang='lat' dir='ltr'><strong>cohortibus</strong></span> <span class='ocrx_word' id='word_1_250' title='bbox 453 2765 596 2827; x_wconf 76' lang='lat' dir='ltr'><strong>expugnati</strong></span> <span class='ocrx_word' id='word_1_251' title='bbox 617 2770 646 2814; x_wconf 89' lang='lat' dir='ltr'><strong>et</strong></span> <span class='ocrx_word' id='word_1_252' title='bbox 665 2765 754 2828; x_wconf 86' lang='lat' dir='ltr'><strong>capti:</strong></span> <span class='ocrx_word' id='word_1_253' title='bbox 796 2774 825 2816; x_wconf 89' lang='lat' dir='ltr'><strong>et</strong></span> <span class='ocrx_word' id='word_1_254' title='bbox 844 2767 968 2816; x_wconf 84' lang='lat' dir='ltr'><strong>tredecim</strong></span> <span class='ocrx_word' id='word_1_255' title='bbox 985 2768 1177 2818; x_wconf 83' lang='lat' dir='ltr'><strong>vexillariorum</strong></span> <span class='ocrx_word' id='word_1_256' title='bbox 1195 2769 1276 2818; x_wconf 85' lang='lat' dir='ltr'><strong>millia</strong></span> <span class='ocrx_word' id='word_1_257' title='bbox 1291 2769 1333 2818; x_wconf 91' lang='lat' dir='ltr'><strong>iu·</strong></span> 
     </span>
    </p>
   </div>
   <div class='ocr_carea' id='block_1_7' title="bbox 225 2840 1331 3360">
    <p class='ocr_par' dir='ltr' id='par_1_7' title="bbox 226 2840 1186 2906">
     <span class='ocr_line' id='line_1_29' title="bbox 226 2840 1186 2906; baseline 0.001 -16"><span class='ocrx_word' id='word_1_258' title='bbox 226 2854 276 2890; x_wconf 86' lang='lat' dir='ltr'><strong>nec</strong></span> <span class='ocrx_word' id='word_1_259' title='bbox 292 2841 349 2904; x_wconf 81' lang='lat' dir='ltr'><strong>jam</strong></span> <span class='ocrx_word' id='word_1_260' title='bbox 368 2840 402 2888; x_wconf 86' lang='lat' dir='ltr'><strong>tle</strong></span> <span class='ocrx_word' id='word_1_261' title='bbox 420 2840 504 2889; x_wconf 89' lang='lat' dir='ltr'><strong>limite</strong></span> <span class='ocrx_word' id='word_1_262' title='bbox 523 2841 668 2904; x_wconf 86' lang='lat' dir='ltr'><strong>imperitet</strong></span> <span class='ocrx_word' id='word_1_263' title='bbox 689 2844 756 2906; x_wconf 84' lang='lat' dir='ltr'><strong>ripn,</strong></span> <span class='ocrx_word' id='word_1_264' title='bbox 796 2841 1186 2906; x_wconf 68' lang='lat' dir='ltr'><strong>gentiegminesequebautnr!</strong></span> 
     </span>
    </p>

    <p class='ocr_par' dir='ltr' id='par_1_8' title="bbox 225 2912 1331 3042">
     <span class='ocr_line' id='line_1_30' title="bbox 225 2912 1331 2982; baseline 0.005 -18"><span class='ocrx_word' id='word_1_265' title='bbox 225 2913 272 2966; x_wconf 86' lang='lat' dir='ltr'><strong>neti</strong></span> <span class='ocrx_word' id='word_1_266' title='bbox 284 2915 317 2964; x_wconf 87' lang='lat' dir='ltr'><strong>de</strong></span> <span class='ocrx_word' id='word_1_267' title='bbox 328 2915 449 2977; x_wconf 81' lang='lat' dir='ltr'><strong>hybernis</strong></span> <span class='ocrx_word' id='word_1_268' title='bbox 465 2915 594 2979; x_wconf 78' lang='lat' dir='ltr'><strong>legionum</strong></span> <span class='ocrx_word' id='word_1_269' title='bbox 612 2923 641 2966; x_wconf 89' lang='lat' dir='ltr'><strong>et</strong></span> <span class='ocrx_word' id='word_1_270' title='bbox 655 2931 756 2980; x_wconf 84' lang='lat' dir='ltr'><strong>posses·</strong></span> <span class='ocrx_word' id='word_1_271' title='bbox 826 2912 836 2956; x_wconf 76' lang='lat' dir='ltr'><strong>l</strong></span> <span class='ocrx_word' id='word_1_272' title='bbox 851 2917 962 2965; x_wconf 68' lang='lat' dir='ltr'><strong>&amp;rma</strong></span> <span class='ocrx_word' id='word_1_273' title='bbox 977 2919 1060 2982; x_wconf 79' lang='lat' dir='ltr'><strong>noles]</strong></span> <span class='ocrx_word' id='word_1_274' title='bbox 1076 2918 1185 2968; x_wconf 80' lang='lat' dir='ltr'><strong>Externi</strong></span> <span class='ocrx_word' id='word_1_275' title='bbox 1200 2918 1264 2968; x_wconf 92' lang='lat' dir='ltr'><strong>belli</strong></span> <span class='ocrx_word' id='word_1_276' title='bbox 1275 2933 1331 2970; x_wconf 92' lang='lat' dir='ltr'><strong>mo·</strong></span> 
     </span>
     <span class='ocr_line' id='line_1_31' title="bbox 226 2989 1169 3042; baseline 0 -2"><span class='ocrx_word' id='word_1_277' title='bbox 226 2989 472 3040; x_wconf 83' lang='lat' dir='ltr'><strong>aionednbitetum.&#39;</strong></span> <span class='ocrx_word' id='word_1_278' title='bbox 506 2989 547 3038; x_wconf 82' lang='lat' dir='ltr'><strong>An</strong></span> <span class='ocrx_word' id='word_1_279' title='bbox 566 2997 595 3040; x_wconf 91' lang='lat' dir='ltr'><strong>et</strong></span> <span class='ocrx_word' id='word_1_280' title='bbox 613 2991 756 3042; x_wconf 84' lang='lat' dir='ltr'><strong>bleintelli-</strong></span> <span class='ocrx_word' id='word_1_281' title='bbox 794 2991 842 3040; x_wconf 86' lang='lat' dir='ltr'><strong>les.</strong></span> <span class='ocrx_word' id='word_1_282' title='bbox 1164 2989 1169 2995; x_wconf 88' lang='lat'>&#39;</span> 
     </span>
    </p>

    <p class='ocr_par' dir='ltr' id='par_1_9' title="bbox 225 3063 1331 3360">
     <span class='ocr_line' id='line_1_32' title="bbox 226 3063 1331 3132; baseline 0.005 -18"><span class='ocrx_word' id='word_1_283' title='bbox 226 3080 272 3130; x_wconf 74' lang='lat' dir='ltr'><strong>gas</strong></span> <span class='ocrx_word' id='word_1_284' title='bbox 283 3064 316 3114; x_wconf 84' lang='lat' dir='ltr'><strong>de</strong></span> <span class='ocrx_word' id='word_1_285' title='bbox 327 3065 624 3115; x_wconf 75' lang='lat' dir='ltr'><strong>eobortibttrauxiliariutn</strong></span> <span class='ocrx_word' id='word_1_286' title='bbox 636 3069 754 3117; x_wconf 81' lang='lat' dir='ltr'><strong>tanturn?</strong></span> <span class='ocrx_word' id='word_1_287' title='bbox 827 3063 839 3098; x_wconf 77' lang='lat'><strong>¹</strong></span> <span class='ocrx_word' id='word_1_288' title='bbox 858 3067 968 3119; x_wconf 76' lang='lat' dir='ltr'><strong>Fonteius</strong></span> <span class='ocrx_word' id='word_1_289' title='bbox 987 3066 1107 3132; x_wconf 76' lang='lat' dir='ltr'><strong>Agrippa]</strong></span> <span class='ocrx_word' id='word_1_290' title='bbox 1129 3069 1279 3122; x_wconf 84' lang='lat' dir='ltr'><strong>Dissentire</strong></span> <span class='ocrx_word' id='word_1_291' title='bbox 1290 3071 1331 3120; x_wconf 83' lang='lat' dir='ltr'><strong>ni·</strong></span> 
     </span>
     <span class='ocr_line' id='line_1_33' title="bbox 225 3137 1331 3208; baseline 0.006 -19"><span class='ocrx_word' id='word_1_292' title='bbox 225 3140 253 3192; x_wconf 81' lang='lat' dir='ltr'><strong>td</strong></span> <span class='ocrx_word' id='word_1_293' title='bbox 272 3137 366 3189; x_wconf 82' lang='lat' dir='ltr'><strong>falsum</strong></span> <span class='ocrx_word' id='word_1_294' title='bbox 379 3146 482 3203; x_wconf 86' lang='lat' dir='ltr'><strong>potem:</strong></span> <span class='ocrx_word' id='word_1_295' title='bbox 501 3154 533 3190; x_wconf 88' lang='lat' dir='ltr'><strong>eo</strong></span> <span class='ocrx_word' id='word_1_296' title='bbox 544 3154 600 3190; x_wconf 79' lang='lat' dir='ltr'><strong>ero</strong></span> <span class='ocrx_word' id='word_1_297' title='bbox 617 3141 682 3191; x_wconf 85' lang='lat' dir='ltr'><strong>aliua</strong></span> <span class='ocrx_word' id='word_1_298' title='bbox 692 3157 755 3192; x_wconf 85' lang='lat' dir='ltr'><strong>moa.</strong></span> <span class='ocrx_word' id='word_1_299' title='bbox 796 3141 891 3191; x_wconf 86' lang='lat' dir='ltr'><strong>deutur</strong></span> <span class='ocrx_word' id='word_1_300' title='bbox 906 3143 1036 3208; x_wconf 78' lang='lat' dir='ltr'><strong>iosepirus</strong></span> <span class='ocrx_word' id='word_1_301' title='bbox 1053 3151 1081 3194; x_wconf 89' lang='lat' dir='ltr'><strong>et</strong></span> <span class='ocrx_word' id='word_1_302' title='bbox 1096 3144 1201 3194; x_wconf 76' lang='lat' dir='ltr'><strong>Tacitus</strong></span> <span class='ocrx_word' id='word_1_303' title='bbox 1217 3145 1331 3196; x_wconf 83' lang='lat' dir='ltr'><strong>bochis·</strong></span> 
     </span>
     <span class='ocr_line' id='line_1_34' title="bbox 226 3215 1331 3283; baseline 0.001 -14"><span class='ocrx_word' id='word_1_304' title='bbox 226 3217 285 3269; x_wconf 83' lang='lat' dir='ltr'><strong>Nec</strong></span> <span class='ocrx_word' id='word_1_305' title='bbox 296 3215 399 3266; x_wconf 82' lang='lat' dir='ltr'><strong>dubites</strong></span> <span class='ocrx_word' id='word_1_306' title='bbox 407 3216 441 3266; x_wconf 86' lang='lat' dir='ltr'><strong>tle</strong></span> <span class='ocrx_word' id='word_1_307' title='bbox 451 3231 483 3266; x_wconf 87' lang='lat' dir='ltr'><strong>ee</strong></span> <span class='ocrx_word' id='word_1_308' title='bbox 493 3217 605 3266; x_wconf 88' lang='lat' dir='ltr'><strong>lectione</strong></span> <span class='ocrx_word' id='word_1_309' title='bbox 614 3217 704 3281; x_wconf 74' lang='lat' dir='ltr'><strong>Agris.</strong></span> <span class='ocrx_word' id='word_1_310' title='bbox 713 3222 756 3268; x_wconf 89' lang='lat' dir='ltr'><strong>tr.</strong></span> <span class='ocrx_word' id='word_1_311' title='bbox 797 3219 871 3268; x_wconf 83' lang='lat' dir='ltr'><strong>terite</strong></span> <span class='ocrx_word' id='word_1_312' title='bbox 899 3219 964 3268; x_wconf 83' lang='lat' dir='ltr'><strong>loeo.</strong></span> <span class='ocrx_word' id='word_1_313' title='bbox 997 3219 1025 3268; x_wconf 89' lang='lat' dir='ltr'><strong>si</strong></span> <span class='ocrx_word' id='word_1_314' title='bbox 1049 3220 1180 3283; x_wconf 85' lang='lat' dir='ltr'><strong>sequimur</strong></span> <span class='ocrx_word' id='word_1_315' title='bbox 1198 3221 1331 3283; x_wconf 81' lang='lat' dir='ltr'><strong>Tacitum,</strong></span> 
     </span>
     <span class='ocr_line' id='line_1_35' title="bbox 225 3293 1331 3360; baseline 0.002 -16"><span class='ocrx_word' id='word_1_316' title='bbox 225 3294 370 3344; x_wconf 74' lang='lat' dir='ltr'><strong>notissima</strong></span> <span class='ocrx_word' id='word_1_317' title='bbox 392 3303 441 3354; x_wconf 89' lang='lat' dir='ltr'><strong>est,</strong></span> <span class='ocrx_word' id='word_1_318' title='bbox 461 3299 490 3342; x_wconf 89' lang='lat' dir='ltr'><strong>ut</strong></span> <span class='ocrx_word' id='word_1_319' title='bbox 508 3293 577 3342; x_wconf 88' lang='lat' dir='ltr'><strong>clare</strong></span> <span class='ocrx_word' id='word_1_320' title='bbox 598 3294 757 3345; x_wconf 61' lang='lat' dir='ltr'><strong>demonstro</strong></span> <span class='ocrx_word' id='word_1_321' title='bbox 796 3293 953 3343; x_wconf 87' lang='lat' dir='ltr'><strong>rebellarant</strong></span> <span class='ocrx_word' id='word_1_322' title='bbox 962 3293 1036 3355; x_wconf 87' lang='lat' dir='ltr'><strong>Daci,</strong></span> <span class='ocrx_word' id='word_1_323' title='bbox 1046 3302 1073 3342; x_wconf 91' lang='lat' dir='ltr'><strong>et</strong></span> <span class='ocrx_word' id='word_1_324' title='bbox 1079 3295 1135 3358; x_wconf 73' lang='lat' dir='ltr'><strong>iam</strong></span> <span class='ocrx_word' id='word_1_325' title='bbox 1148 3305 1256 3360; x_wconf 82' lang='lat' dir='ltr'><strong>utreque</strong></span> <span class='ocrx_word' id='word_1_326' title='bbox 1268 3297 1331 3360; x_wconf 90' lang='lat' dir='ltr'><strong>ripa</strong></span> 
     </span>
    </p>
   </div>
   <div class='ocr_carea' id='block_1_8' title="bbox 125 3368 1331 3434">
    <p class='ocr_par' dir='ltr' id='par_1_10' title="bbox 125 3368 1331 3434">
     <span class='ocr_line' id='line_1_36' title="bbox 125 3368 1331 3434; baseline 0.002 -15"><span class='ocrx_word' id='word_1_327' title='bbox 125 3417 127 3424; x_wconf 80' lang='grc'>,</span> <span class='ocrx_word' id='word_1_328' title='bbox 225 3381 281 3420; x_wconf 86' lang='lat' dir='ltr'><strong>mus</strong></span> <span class='ocrx_word' id='word_1_329' title='bbox 293 3382 339 3420; x_wconf 86' lang='lat' dir='ltr'><strong>too</strong></span> <span class='ocrx_word' id='word_1_330' title='bbox 349 3369 415 3418; x_wconf 87' lang='lat' dir='ltr'><strong>loco.</strong></span> <span class='ocrx_word' id='word_1_331' title='bbox 796 3369 910 3418; x_wconf 86' lang='lat' dir='ltr'><strong>Danubii</strong></span> <span class='ocrx_word' id='word_1_332' title='bbox 921 3368 1162 3434; x_wconf 78' lang='lat' dir='ltr'><strong>potiebantur,cum</strong></span> <span class='ocrx_word' id='word_1_333' title='bbox 1173 3372 1331 3424; x_wconf 81' lang='lat' dir='ltr'><strong>exoriente</strong></span> 
     </span>
    </p>
   </div>
   <div class='ocr_carea' id='block_1_9' title="bbox 223 3441 1330 4022">
    <p class='ocr_par' dir='ltr' id='par_1_11' title="bbox 224 3441 1330 3737">
     <span class='ocr_line' id='line_1_37' title="bbox 258 3441 1330 3508; baseline 0.006 -15"><span class='ocrx_word' id='word_1_334' title='bbox 258 3441 415 3508; x_wconf 62' lang='lat' dir='ltr'><strong>inplent]</strong></span> <span class='ocrx_word' id='word_1_335' title='bbox 433 3445 497 3496; x_wconf 81' lang='lat' dir='ltr'><strong>Qtue</strong></span> <span class='ocrx_word' id='word_1_336' title='bbox 515 3445 638 3508; x_wconf 78' lang='lat' dir='ltr'><strong>disposita</strong></span> <span class='ocrx_word' id='word_1_337' title='bbox 649 3443 716 3495; x_wconf 77' lang='lat' dir='ltr'><strong>forte</strong></span> <span class='ocrx_word' id='word_1_338' title='bbox 727 3446 755 3495; x_wconf 87' lang='lat' dir='ltr'><strong>in</strong></span> <span class='ocrx_word' id='word_1_339' title='bbox 795 3443 919 3493; x_wconf 84' lang='lat' dir='ltr'><strong>sdveetus</strong></span> <span class='ocrx_word' id='word_1_340' title='bbox 937 3444 1073 3492; x_wconf 84' lang='lat' dir='ltr'><strong>Mucianus</strong></span> <span class='ocrx_word' id='word_1_341' title='bbox 1088 3445 1210 3507; x_wconf 87' lang='lat' dir='ltr'><strong>opposuit</strong></span> <span class='ocrx_word' id='word_1_342' title='bbox 1224 3454 1330 3499; x_wconf 68' lang='lat' dir='ltr'><strong>sextum</strong></span> 
     </span>
     <span class='ocr_line' id='line_1_38' title="bbox 226 3517 1314 3585; baseline 0.002 -15"><span class='ocrx_word' id='word_1_343' title='bbox 226 3525 336 3584; x_wconf 67' lang='lat' dir='ltr'><strong>itusque</strong></span> <span class='ocrx_word' id='word_1_344' title='bbox 351 3520 408 3582; x_wconf 88' lang='lat' dir='ltr'><strong>ripa</strong></span> <span class='ocrx_word' id='word_1_345' title='bbox 425 3521 552 3570; x_wconf 78' lang='lat' dir='ltr'><strong>Danubii:</strong></span> <span class='ocrx_word' id='word_1_346' title='bbox 569 3521 661 3585; x_wconf 85' lang='lat' dir='ltr'><strong>quibos</strong></span> <span class='ocrx_word' id='word_1_347' title='bbox 671 3521 755 3585; x_wconf 74' lang='lat' dir='ltr'><strong>tyber-</strong></span> <span class='ocrx_word' id='word_1_348' title='bbox 794 3517 932 3582; x_wconf 75' lang='lat' dir='ltr'><strong>legionem,</strong></span> <span class='ocrx_word' id='word_1_349' title='bbox 943 3519 1146 3583; x_wconf 79' lang='lat' dir='ltr'><strong>compressitque</strong></span> <span class='ocrx_word' id='word_1_350' title='bbox 1158 3521 1296 3572; x_wconf 86' lang='lat' dir='ltr'><strong>Barbaros.</strong></span> <span class='ocrx_word' id='word_1_351' title='bbox 1308 3550 1314 3561; x_wconf 90' lang='lat'><strong>·</strong></span> 
     </span>
     <span class='ocr_line' id='line_1_39' title="bbox 224 3590 1330 3662; baseline 0.005 -20"><span class='ocrx_word' id='word_1_352' title='bbox 224 3596 263 3644; x_wconf 84' lang='lat' dir='ltr'><strong>nis</strong></span> <span class='ocrx_word' id='word_1_353' title='bbox 273 3596 494 3658; x_wconf 49' lang='lat' dir='ltr'><strong>expugnandam</strong></span> <span class='ocrx_word' id='word_1_354' title='bbox 506 3595 581 3645; x_wconf 83' lang='lat' dir='ltr'><strong>tacite</strong></span> <span class='ocrx_word' id='word_1_355' title='bbox 595 3596 755 3647; x_wconf 84' lang='lat' dir='ltr'><strong>invadebant</strong></span> <span class='ocrx_word' id='word_1_356' title='bbox 828 3593 899 3643; x_wconf 91' lang='lat' dir='ltr'><strong>Dein</strong></span> <span class='ocrx_word' id='word_1_357' title='bbox 911 3590 1051 3642; x_wconf 82' lang='lat' dir='ltr'><strong>festinante</strong></span> <span class='ocrx_word' id='word_1_358' title='bbox 1058 3593 1084 3641; x_wconf 93' lang='lat' dir='ltr'><strong>iu</strong></span> <span class='ocrx_word' id='word_1_359' title='bbox 1095 3595 1184 3643; x_wconf 87' lang='lat' dir='ltr'><strong>urbem</strong></span> <span class='ocrx_word' id='word_1_360' title='bbox 1196 3595 1330 3662; x_wconf 73' lang='lat' dir='ltr'><strong>eluctans,</strong></span> 
     </span>
     <span class='ocr_line' id='line_1_40' title="bbox 224 3667 1330 3737; baseline 0.002 -17"><span class='ocrx_word' id='word_1_361' title='bbox 224 3669 334 3720; x_wconf 86' lang='lat' dir='ltr'><strong>Barbari</strong></span> <span class='ocrx_word' id='word_1_362' title='bbox 348 3670 473 3722; x_wconf 82' lang='lat' dir='ltr'><strong>Mresiont.</strong></span> <span class='ocrx_word' id='word_1_363' title='bbox 794 3667 897 3717; x_wconf 84' lang='lat' dir='ltr'><strong>ridetur</strong></span> <span class='ocrx_word' id='word_1_364' title='bbox 911 3667 1012 3716; x_wconf 74' lang='lat' dir='ltr'><strong>limite</strong></span> <span class='ocrx_word' id='word_1_365' title='bbox 1029 3672 1184 3732; x_wconf 71' lang='lat' dir='ltr'><strong>prepositus</strong></span> <span class='ocrx_word' id='word_1_366' title='bbox 1194 3671 1330 3737; x_wconf 85' lang='lat' dir='ltr'><strong>Fonteius,</strong></span> 
     </span>
    </p>

    <p class='ocr_par' dir='ltr' id='par_1_12' title="bbox 223 3743 1330 4022">
     <span class='ocr_line' id='line_1_41' title="bbox 256 3743 1328 3808; baseline 0.006 -18"><span class='ocrx_word' id='word_1_367' title='bbox 256 3753 270 3790; x_wconf 85' lang='lat' dir='ltr'><strong>s</strong></span> <span class='ocrx_word' id='word_1_368' title='bbox 286 3743 404 3808; x_wconf 75' lang='lat' dir='ltr'><strong>Danubii]</strong></span> <span class='ocrx_word' id='word_1_369' title='bbox 425 3743 567 3806; x_wconf 74' lang='lat' dir='ltr'><strong>Danubius,</strong></span> <span class='ocrx_word' id='word_1_370' title='bbox 581 3743 674 3794; x_wconf 80' lang='lat' dir='ltr'><strong>lintius</strong></span> <span class='ocrx_word' id='word_1_371' title='bbox 690 3745 755 3795; x_wconf 81' lang='lat' dir='ltr'><strong>Ger·</strong></span> <span class='ocrx_word' id='word_1_372' title='bbox 794 3757 886 3806; x_wconf 83' lang='lat' dir='ltr'><strong>nempe</strong></span> <span class='ocrx_word' id='word_1_373' title='bbox 898 3751 957 3807; x_wconf 86' lang='lat' dir='ltr'><strong>post</strong></span> <span class='ocrx_word' id='word_1_374' title='bbox 968 3743 1097 3792; x_wconf 73' lang='lat' dir='ltr'><strong>coircrtoa</strong></span> <span class='ocrx_word' id='word_1_375' title='bbox 1109 3759 1125 3793; x_wconf 87' lang='lat' dir='ltr'><strong>a</strong></span> <span class='ocrx_word' id='word_1_376' title='bbox 1138 3745 1328 3796; x_wconf 71' lang='lat' dir='ltr'><strong>neemena-</strong></span> 
     </span>
     <span class='ocr_line' id='line_1_42' title="bbox 225 3817 1328 3884; baseline 0.003 -14"><span class='ocrx_word' id='word_1_377' title='bbox 225 3819 317 3870; x_wconf 74' lang='lat' dir='ltr'><strong>munite</strong></span> <span class='ocrx_word' id='word_1_378' title='bbox 330 3833 439 3881; x_wconf 70' lang='lat' dir='ltr'><strong>utaque,</strong></span> <span class='ocrx_word' id='word_1_379' title='bbox 452 3819 548 3883; x_wconf 85' lang='lat' dir='ltr'><strong>lllyrici</strong></span> <span class='ocrx_word' id='word_1_380' title='bbox 565 3822 617 3870; x_wconf 85' lang='lat' dir='ltr'><strong>late</strong></span> <span class='ocrx_word' id='word_1_381' title='bbox 628 3823 715 3884; x_wconf 87' lang='lat' dir='ltr'><strong>strnrti,</strong></span> <span class='ocrx_word' id='word_1_382' title='bbox 726 3829 755 3872; x_wconf 87' lang='lat' dir='ltr'><strong>et</strong></span> <span class='ocrx_word' id='word_1_383' title='bbox 794 3833 848 3880; x_wconf 86' lang='lat' dir='ltr'><strong>cos,</strong></span> <span class='ocrx_word' id='word_1_384' title='bbox 859 3817 1020 3881; x_wconf 82' lang='lat' dir='ltr'><strong>rejectosque</strong></span> <span class='ocrx_word' id='word_1_385' title='bbox 1030 3828 1104 3884; x_wconf 70' lang='lat' dir='ltr'><strong>entra</strong></span> <span class='ocrx_word' id='word_1_386' title='bbox 1111 3820 1273 3883; x_wconf 79' lang='lat' dir='ltr'><strong>Deuubium3</strong></span> <span class='ocrx_word' id='word_1_387' title='bbox 1284 3825 1328 3873; x_wconf 84' lang='lat' dir='ltr'><strong>rel</strong></span> 
     </span>
     <span class='ocr_line' id='line_1_43' title="bbox 223 3894 1330 3962; baseline 0.003 -16"><span class='ocrx_word' id='word_1_388' title='bbox 223 3894 359 3946; x_wconf 69' lang='lat' dir='ltr'><strong>Sarmatic</strong></span> <span class='ocrx_word' id='word_1_389' title='bbox 372 3895 546 3956; x_wconf 75' lang='lat' dir='ltr'><strong>Europieae,in</strong></span> <span class='ocrx_word' id='word_1_390' title='bbox 556 3895 668 3946; x_wconf 84' lang='lat' dir='ltr'><strong>Pontum</strong></span> <span class='ocrx_word' id='word_1_391' title='bbox 678 3898 756 3946; x_wconf 84' lang='lat' dir='ltr'><strong>Euxi·</strong></span> <span class='ocrx_word' id='word_1_392' title='bbox 795 3895 873 3944; x_wconf 83' lang='lat' dir='ltr'><strong>etiam</strong></span> <span class='ocrx_word' id='word_1_393' title='bbox 890 3895 965 3956; x_wconf 73' lang='lat' dir='ltr'><strong>longe</strong></span> <span class='ocrx_word' id='word_1_394' title='bbox 981 3897 1050 3944; x_wconf 89' lang='lat' dir='ltr'><strong>ultra</strong></span> <span class='ocrx_word' id='word_1_395' title='bbox 1069 3896 1184 3945; x_wconf 85' lang='lat' dir='ltr'><strong>Danubii</strong></span> <span class='ocrx_word' id='word_1_396' title='bbox 1195 3897 1279 3962; x_wconf 81' lang='lat' dir='ltr'><strong>ripum</strong></span> <span class='ocrx_word' id='word_1_397' title='bbox 1290 3899 1330 3949; x_wconf 86' lang='lat' dir='ltr'><strong>sl·</strong></span> 
     </span>
     <span class='ocr_line' id='line_1_44' title="bbox 224 3971 887 4022; baseline 0.003 -2"><span class='ocrx_word' id='word_1_398' title='bbox 224 3983 286 4020; x_wconf 86' lang='lat' dir='ltr'><strong>uum</strong></span> <span class='ocrx_word' id='word_1_399' title='bbox 304 3971 413 4019; x_wconf 87' lang='lat' dir='ltr'><strong>labitur:</strong></span> <span class='ocrx_word' id='word_1_400' title='bbox 431 3971 506 4020; x_wconf 86' lang='lat' dir='ltr'><strong>bodie</strong></span> <span class='ocrx_word' id='word_1_401' title='bbox 526 3971 626 4020; x_wconf 73' lang='grc' dir='ltr'><strong><em>Βοηακυ</em></strong></span> <span class='ocrx_word' id='word_1_402' title='bbox 642 3971 756 4022; x_wconf 83' lang='lat' dir='ltr'><strong>Allema·</strong></span> <span class='ocrx_word' id='word_1_403' title='bbox 795 3975 887 4022; x_wconf 87' lang='lat' dir='ltr'><strong>terarrr.</strong></span> 
     </span>
    </p>
   </div>
   <div class='ocr_carea' id='block_1_10' title="bbox 109 4044 1327 4111">
    <p class='ocr_par' dir='ltr' id='par_1_13' title="bbox 109 4044 1327 4111">
     <span class='ocr_line' id='line_1_45' title="bbox 109 4044 1327 4111; baseline 0.002 -14"><span class='ocrx_word' id='word_1_404' title='bbox 109 4064 118 4086; x_wconf 84' lang='lat'><strong>·</strong></span> <span class='ocrx_word' id='word_1_405' title='bbox 214 4045 383 4108; x_wconf 64' lang='lat' dir='ltr'><strong>utquam</strong></span> <span class='ocrx_word' id='word_1_406' title='bbox 403 4045 524 4095; x_wconf 83' lang='lat' dir='ltr'><strong>Francis:</strong></span> <span class='ocrx_word' id='word_1_407' title='bbox 543 4044 602 4096; x_wconf 86' lang='lat' dir='ltr'><strong>linit</strong></span> <span class='ocrx_word' id='word_1_408' title='bbox 620 4061 668 4111; x_wconf 90' lang='lat' dir='ltr'><strong>per</strong></span> <span class='ocrx_word' id='word_1_409' title='bbox 682 4047 755 4098; x_wconf 80' lang='lat' dir='ltr'><strong>Alie·</strong></span> <span class='ocrx_word' id='word_1_410' title='bbox 828 4047 864 4096; x_wconf 86' lang='lat' dir='ltr'><strong>Et</strong></span> <span class='ocrx_word' id='word_1_411' title='bbox 880 4046 902 4095; x_wconf 83' lang='lat' dir='ltr'><strong>ai</strong></span> <span class='ocrx_word' id='word_1_412' title='bbox 919 4053 978 4110; x_wconf 79' lang='lat' dir='ltr'><strong>post</strong></span> <span class='ocrx_word' id='word_1_413' title='bbox 989 4047 1141 4111; x_wconf 73' lang='lat' dir='ltr'><strong>digressum,</strong></span> <span class='ocrx_word' id='word_1_414' title='bbox 1152 4055 1198 4098; x_wconf 91' lang='lat' dir='ltr'><strong>ant</strong></span> <span class='ocrx_word' id='word_1_415' title='bbox 1208 4057 1270 4098; x_wconf 84' lang='lat' dir='ltr'><strong>aute</strong></span> <span class='ocrx_word' id='word_1_416' title='bbox 1281 4049 1327 4099; x_wconf 83' lang='lat' dir='ltr'><strong>atl-</strong></span> 
     </span>
    </p>
   </div>
   <div class='ocr_carea' id='block_1_11' title="bbox 225 4119 1329 4191">
    <p class='ocr_par' dir='ltr' id='par_1_14' title="bbox 225 4119 1329 4191">
     <span class='ocr_line' id='line_1_46' title="bbox 225 4119 1329 4191; baseline 0.006 -21"><span class='ocrx_word' id='word_1_417' title='bbox 225 4119 344 4185; x_wconf 66' lang='lat' dir='ltr'><strong>mentam</strong></span> <span class='ocrx_word' id='word_1_418' title='bbox 354 4125 381 4172; x_wconf 89' lang='lat' dir='ltr'><strong>et</strong></span> <span class='ocrx_word' id='word_1_419' title='bbox 396 4119 536 4171; x_wconf 86' lang='lat' dir='ltr'><strong>Turcicuur</strong></span> <span class='ocrx_word' id='word_1_420' title='bbox 553 4121 687 4188; x_wconf 84' lang='lat' dir='ltr'><strong>imperium</strong></span> <span class='ocrx_word' id='word_1_421' title='bbox 703 4121 755 4173; x_wconf 86' lang='lat' dir='ltr'><strong>En·</strong></span> <span class='ocrx_word' id='word_1_422' title='bbox 793 4129 900 4172; x_wconf 85' lang='lat' dir='ltr'><strong>rentum</strong></span> <span class='ocrx_word' id='word_1_423' title='bbox 922 4121 1038 4174; x_wconf 80' lang='lat' dir='ltr'><strong>Muciani</strong></span> <span class='ocrx_word' id='word_1_424' title='bbox 1054 4123 1208 4191; x_wconf 71' lang='lat' dir='ltr'><strong>profligatus</strong></span> <span class='ocrx_word' id='word_1_425' title='bbox 1229 4139 1329 4177; x_wconf 77' lang='lat' dir='ltr'><strong>cesus·</strong></span> 
     </span>
    </p>
   </div>
   <div class='ocr_carea' id='block_1_12' title="bbox 0 0 1468 4742">
    <p class='ocr_par' dir='ltr' id='par_1_15' title="bbox 0 0 1468 4742">
     <span class='ocr_line' id='line_1_47' title="bbox 0 0 1468 4742; baseline 0 1"><span class='ocrx_word' id='word_1_426' title='bbox 0 0 1468 4742; x_wconf 95' lang='lat' dir='ltr'><strong> </strong></span> 
     </span>
    </p>
   </div>
  </div>
 </body>
</html>
