2925 4742
129 327 261 391 seru]
480 317 753 371 ussromsnun
785 319 860 370 nra.
884 320 936 387 iv.
1155 299 1245 370 3089

127 468 208 536 eum’
226 467 354 552 jussit,
370 467 460 534 houd
477 464 616 550 perinde
640 483 702 548 spe
717 465 811 540 uta,
826 481 928 548 quam
949 461 1002 527 ire
1016 463 1052 526 in
1062 465 1242 546 percusso·

126 589 201 647 reru,
215 569 314 652 quod
339 570 431 634 idem
456 587 501 632 ex
526 560 791 631 interfectoribus
815 564 926 629 Clodii
951 564 1073 642 Moeri,
1091 571 1244 630 cruentas

126 673 240 754 legati
266 673 433 755 sanguim
456 689 576 733 manus
601 668 645 732 nd
670 668 799 732 cestim
824 667 1040 732 Proconsulis
1066 669 1243 734 retulisset.

125 774 240 840 Annio
249 771 507 836 deindeedicto‘
519 769 878 850 Carthaginiensibus¹⁷
890 770 1074 853 increpitis
1086 788 1129 833 ne
1145 771 1244 835 solita

126 876 259 960 quidem
286 876 407 972 munip
434 872 631 954 usurpabat,
656 869 794 934 clausus
821 871 908 939 intra
934 870 1080 948 domum,
1110 889 1152 936 ne
1177 889 1244 955 qua
1329 878 1332 886 ’

125 982 235 1040 motsss
250 977 340 1038 novi
355 991 463 1038 censu
477 973 531 1037 vel
545 973 630 1035 forte
643 971 795 1035 onoetnr.

130 1115 136 1120 -
164 1079 220 1141 50.
244 1076 336 1153 Sed,
351 1076 409 1139 ubi
434 1074 536 1138 Festo
558 1073 785 1136 consternatio
799 1072 902 1154 vulgi,
926 1072 1138 1138 Centurionis
1162 1093 1245 1158 sup·

125 1177 278 1261 plicium,
296 1196 445 1258 veruque
467 1181 500 1238 et
520 1173 619 1250 falsa,
632 1192 724 1249 more
747 1172 859 1250 femae,
883 1175 917 1241 in
941 1175 1050 1257 majus
1065 1178 1246 1255 innotuere,

125 1282 255 1363 eqrnoes
269 1281 309 1344 in
324 1298 441 1343 necem
456 1272 593 1340 Pisonis
612 1276 722 1338 mittit.
770 1275 825 1338 Illi
844 1277 968 1358 raptim
982 1279 1084 1356 vecti,
1100 1279 1247 1344 obscuro

126 1380 246 1448 sdbuc‘
271 1388 403 1464 coeptae
432 1381 533 1454 lucis,
566 1377 701 1440 domum
724 1377 942 1443 Proconsulis
967 1380 1159 1462 irrumpunt,
1189 1381 1247 1446 de-

126 1485 265 1548 strictis¹
282 1483 424 1566 gladiis:
446 1487 480 1545 et
491 1499 617 1562 magns
630 1498 711 1562 pars
726 1480 863 1548 Pisonis
883 1481 1002 1561 ignari,
1017 1482 1107 1564 quod
1121 1482 1249 1547 Poenos

127 1582 330 1648 ominatos
341 1584 559 1666 Maurosque²
574 1583 609 1644 in
622 1601 698 1644 eam
720 1581 846 1648 caedem
861 1581 1041 1663 delegerat:
1064 1583 1155 1648 haud
1168 1602 1247 1668 pro·

31 1772 32 1775 Ἴ
126 1684 179 1748 cul
193 1686 373 1764 eubiculo,
390 1685 525 1749 obvium
537 1683 620 1748 sorte
645 1701 790 1762 servum,
814 1687 825 1716 ‘
840 1684 1024 1766 quisnam,⁸
1037 1691 1071 1750 et
1084 1686 1142 1750 ubi
1157 1689 1250 1752 esset

122 1885 250 1947 sertorem,
263 1891 331 1951 quari
340 1888 403 1937 Mem
413 1887 471 1950 ipse
482 1902 548 1936 anns
559 1902 591 1936 es
599 1885 775 1950 pertenentibus
788 1884 868 1934 Clodii
881 1884 972 1947 Macri,
982 1883 1085 1934 imbutus
1094 1899 1176 1935 errrore
1186 1885 1251 1948 lega·

129 1949 245 2000 timsnss
264 1955 301 2000 orl
318 1966 396 2000 secem
414 1950 558 2016 proconsulis
573 1965 656 1999 rursus
673 1949 801 1998 attulisset.
835 1949 896 1997 Moe
913 1949 1006 1998 sslicito
1026 1950 1103 1999 edicta
1117 1949 1252 2012 objurgatis

131 2014 376 2077 Carthaginensibus,
385 2031 415 2064 se
426 2021 493 2064 rseta
503 2017 596 2078 quidem
615 2015 691 2079 officia
708 2011 842 2074 exercebat,
861 2013 954 2062 claraus
964 2014 1028 2062 intro
1046 2019 1152 2077 penates,
1162 2029 1192 2064 se
1203 2028 1250 2078 pua

129 2078 183 2126 soni
194 2082 317 2128 multius
326 2080 415 2129 masio
425 2081 462 2127 rel
472 2095 526 2128 oasa
530 2077 637 2138 fortuito
648 2077 771 2127 existeret.

160 2141 219 2204 Seri,
228 2150 359 2206 postquam
374 2149 504 2206 mnspnlus
519 2149 554 2192 est
568 2142 662 2191 Valerio
681 2137 795 2190 tumultur-r
812 2139 896 2204 plebis,
913 2155 977 2190 mars
987 2140 1139 2204 centurionis,
1149 2155 1250 2206 empse

130 2209 154 2254 tt
162 2205 239 2270 Jista,
257 2215 286 2257 ut
301 2207 510 2270 fansoeingenism
521 2213 572 2266 est,
590 2205 617 2254 in
636 2205 711 2265 maius
729 2204 848 2253 nuntiata
860 2211 929 2264 strat,
939 2205 1017 2254 mittit
1027 2205 1117 2268 equites
1127 2206 1153 2254 in
1163 2207 1251 2254 caedesrs

132 2269 238 2320 Pisonis.
276 2273 320 2321 llls'
329 2287 427 2335 propere
442 2272 539 2330 insecti,
548 2271 621 2318 dubia
631 2269 708 2317 auto
719 2274 743 2316 et
754 2269 796 2316 six
808 2269 901 2318 albente
911 2271 970 2327 luce,
981 2269 1076 2320 insunt
1089 2271 1114 2318 in
1124 2270 1185 2318 odes
1196 2285 1250 2332 pro·

131 2335 244 2396 mutis,
255 2337 357 2384 nudatis
366 2335 471 2384 ensibw
487 2341 511 2383 et
521 2334 558 2382 illi
569 2348 656 2394 magna
675 2347 707 2381 es
721 2337 790 2394 parte
801 2331 913 2382 Pitanem
927 2333 1078 2395 ignorabant,
1090 2334 1146 2397 quia
1156 2333 1251 2384 Festus

132 2406 279 2449 msemt
298 2401 328 2447 trs
343 2413 395 2448 esss
412 2413 491 2447 mess
508 2395 596 2446 Passus
613 2395 746 2444 auxiliares
766 2395 921 2459 Maurosque.-
947 2397 1010 2446 baud
1027 2397 1098 2461 longe
1116 2414 1131 2446 o
1147 2397 1252 2448 eubiculo

134 2459 238 2512 Pisonis
248 2477 345 2512 mssa
355 2461 425 2524 forts
436 2466 595 2511 merentem
602 2459 752 2523 poenosae
762 2465 826 2520 raus,
838 2461 955 2524 quisnam
964 2465 1068 2525 essebet
1080 2461 1126 2511 ubi
1138 2475 1252 2512 versare-

602 2602 783 2624 ‘Omnem

136 2709 213 2760 lissi.
222 2711 306 2760 naal.
319 2711 376 2764 Jes.
386 2717 416 2761 st
426 2712 596 2772 Puteolsnss,
614 2713 773 2774 indulgentia.
807 2710 987 2761 lironem-lt
1003 2710 1047 2761 Sle
1062 2709 1130 2760 bene
1141 2713 1181 2762 cl.
1193 2713 1253 2762 Inl-

135 2773 262 2835 lenssnd;
279 2777 357 2826 etits
368 2777 464 2839 passim
484 2776 583 2840 livius,
595 2775 696 2828 Plinius
708 2777 813 2842 aliique.
846 2773 878 2824 ln
890 2775 964 2826 libris
976 2777 1136 2839 anteeditis,
1149 2777 1253 2828 emta·

138 2839 289 2900 tismdlsss
321 2840 405 2890 Idem.

169 2907 183 2953 1
202 2905 260 2955 bis.
279 2904 403 2955 Harbet
420 2909 525 2955 veteres
543 2903 684 2967 editiones,
699 2904 875 2954 undem-s
891 2903 924 2953 ln
942 2903 994 2955 bis.
1005 2903 1072 2968 Reg.
1091 2909 1119 2954 et
1135 2905 1251 2956 editione

639 3083 751 3134 noste

141 3196 253 3246 tsntlurs
263 3195 368 3246 Pisonis
386 3197 516 3246 animum:
541 3195 610 3246 atsi
628 3197 680 3246 sls·
719 3195 850 3260 deserant,
873 3204 902 3248 et
920 3204 992 3248 stent
1009 3213 1057 3262 pro
1076 3201 1253 3264 querentibus

140 3272 525 3338 eremvidisset,psrstnanne
541 3273 575 3322 sel
591 3287 680 3336 espes-
718 3273 771 3336 ipsi
788 3273 887 3323 crimen
915 3273 1093 3340 exitiumque?
1118 3275 1254 3342 Angustias

142 3347 254 3398 sendum
271 3347 420 3412 imperinm,
430 3348 616 3398 conscientiam
631 3348 681 3397 cri·
719 3350 836 3415 undique
846 3357 875 3402 et
885 3353 1011 3404 anxietas.

142 3422 216 3473 minis
236 3424 263 3472 in
280 3438 312 3472 eo
329 3425 409 3486 magis
429 3429 568 3487 argueret3
593 3425 679 3475 etsie
752 3428 887 3478 eObscura
905 3428 993 3493 adise]
1016 3429 1048 3480 Id
1067 3437 1117 3494 est,
1132 3430 1256 3500 diluenlo,

137 3498 233 3560 justins
245 3515 276 3550 se
286 3500 377 3565 majori
389 3501 502 3550 ludibrio
521 3501 592 3551 illurn
611 3501 679 3552 aeci-
719 3516 765 3553 seu
777 3505 835 3553 luce
851 3503 974 3568 maligne,
991 3519 1067 3555 mane
1087 3507 1149 3558 oriri
1165 3507 1256 3574 incipi·

144 3573 236 3639 deret;
260 3577 382 3627 Pisonem
394 3585 491 3637 satem,
502 3578 608 3641 cognito
619 3591 679 3626 cen·
719 3585 790 3642 ente,
800 3578 843 3628 ris
855 3579 916 3628 dum
927 3580 1031 3631 albente
1042 3581 1095 3632 dic.

144 3650 678 3717 usionisaoto‚jantsseiaeamaaimst·
751 3653 764 3686 f
785 3657 872 3706 Panos
892 3657 1035 3720 auxiliares]
1062 3657 1152 3708 Mirari
1174 3659 1256 3724 subit,

144 3729 220 3779 serti.
255 3729 369 3778 Pielsena.
720 3730 789 3793 quod
808 3731 885 3780 Poeni
904 3733 1055 3795 ignorarent
1072 3734 1255 3796 proconsulem

176 3804 188 3838 ⁴¹
216 3803 298 3856 Anxia
318 3805 405 3855 minuo
426 3803 516 3868 eluto]
542 3803 605 3854 Tale
626 3803 679 3855 fuit
718 3806 817 3856 Attice
829 3807 986 3872 Cartbagine
1003 3808 1145 3858 sedentem.
1178 3806 1256 3859 Atta·

146 3879 309 3942 obictumst
322 3880 480 3930 anxietatem
498 3881 552 3944 ejus
564 3879 680 3930 declara·
719 3897 779 3932 men
787 3883 824 3933 illi
833 3885 935 3934 externi
944 3882 1074 3944 tiemonis,
1083 3891 1111 3932 et
1119 3897 1166 3948 per
1175 3897 1254 3934 ununs

147 3966 195 4021 ret,
205 3957 298 4008 elfere
309 3957 458 4022 ambiguum
467 3957 530 4007 fait:
551 3957 679 4022 quomodo
719 3964 821 4010 tentum
834 3975 926 4010 anuum
945 3959 1089 4022 imperabat
1106 3961 1255 4026 proconsul,

148 4035 215 4083 enisa
222 4035 346 4099 loquatur
357 4039 403 4083 sut
412 4034 514 4085 edicet?
531 4049 564 4084 an
574 4034 678 4083 sbblan·
718 4049 769 4086 nec
780 4052 808 4086 se
820 4036 913 4086 eastris
924 4035 1094 4086 immiscebat.

147 4111 234 4164 dietusr
244 4113 285 4176 iis,
295 4115 340 4178 qui
357 4114 533 4178 principatum
552 4112 590 4162 illi
607 4111 680 4163 dese·
752 4122 764 4157 s
777 4112 904 4176 Quum]
915 4111 958 4162 Sic
968 4109 1176 4184 intelligendum,
1186 4112 1255 4176 quis·

148 4191 224 4241 mut?
248 4205 282 4239 aa
302 4188 452 4252 castigabit,
467 4198 498 4241 ut
515 4190 606 4241 statim
619 4205 679 4240 eum
719 4203 780 4238 nam
792 4189 849 4254 ipse
861 4187 949 4238 esset?
965 4189 993 4237 et
1004 4185 1049 4237 ubi
1060 4193 1130 4238 esset
1141 4182 1220 4237 Piso?

210 4266 479 4336 Delfi-ellstan.
658 4269 738 4323 Tm·
883 4335 889 4348 Ι
1132 4267 1187 4317 ”K
