2925 4742
136 333 277 407 scant
486 329 753 380 nrsronrnnurr
777 331 849 382 uta.
870 333 928 383 111.
1155 319 1243 386 2907

136 472 289 557 quamvis
303 471 434 549 infami,
449 473 552 536 inerat
570 471 751 539 industria:
772 493 836 538 nec
851 473 1040 552 virtutibus,
1062 477 1100 538 ut
1119 475 1239 553 boni,¹¹

136 575 206 652 sed,
220 593 289 658 quo
302 573 405 636 modo
423 573 590 656 pessimus
604 573 758 657 quisque,
774 575 864 639 vitiis
877 575 1024 638 valebat.

176 676 230 740 78.
267 673 358 739 Dum
385 673 459 738 brac
488 675 523 736 in
549 675 701 757 partibus
729 674 858 740 Vitellii
882 681 1044 759 geruntur,
1074 675 1241 759 digressus

137 777 270 841 Narnia
283 774 489 859 Vespasiani
502 779 680 852 exercitus,
695 776 802 840 festos
816 777 949 841 Saturni
964 775 1037 840 dies
1051 773 1243 844 Ocriculi¹¹¹¹

135 879 317 963 parotium
331 877 491 959 agitabat.
537 875 652 940 Causa
675 884 744 941 tam
766 885 896 960 pravm²
911 895 1025 953 morae,
1049 884 1088 940 ut
1110 877 1243 945 Mucia·

134 999 212 1044 num
228 979 470 1062 opperirentur.
516 977 592 1042 Nec
606 978 763 1058 desuere,³
776 980 834 1062 qui
848 978 1029 1043 Antonium
1042 979 1242 1062 suspicioni-

134 1082 198 1146 bus
225 1087 413 1164 arguerent,
438 1085 595 1162 tanquam
618 1079 719 1144 ‘dolo
742 1086 966 1156 cunctantem,
991 1086 1072 1162 post
1097 1088 1242 1146 secretas

135 1181 266 1246 Vitellii
281 1179 453 1265 epistolas,
470 1181 589 1262 quibus
613 1181 831 1246 Consulatum
856 1189 892 1244 et
913 1181 1059 1247 nubilem
1084 1179 1187 1246 tiliam
1208 1189 1243 1246 et

135 1283 267 1347 dotales
293 1299 387 1364 opes,
410 1283 552 1364 pretium
575 1281 787 1365 proditionis,
811 1277 992 1346 offerebat!
1034 1277 1117 1356 Alii,
1142 1281 1243 1346 ‘licta

134 1383 207 1448 baec
222 1383 308 1447 etin
323 1384 462 1464 gratiam
479 1382 628 1446 Muciani
644 1381 853 1466 composita!
895 1379 1054 1460 Quidam,
1079 1383 1243 1446 ‘omnium

134 1483 169 1546 id
195 1484 335 1548 Ducum
359 1483 534 1547 consilium
558 1483 672 1561 fuisse,
695 1488 861 1547 ostentare
882 1482 995 1566 potius
1008 1481 1083 1544 urbi
1105 1481 1240 1558 bellum,

136 1603 238 1667 quam
252 1583 390 1647 inferre:
414 1583 545 1666 quando
564 1583 780 1648 validissimae
804 1582 953 1647 cobortes
977 1601 999 1646 a
1021 1581 1159 1646 Vitellio
1184 1582 1242 1645 de-

135 1685 327 1760 scivissent,
339 1689 382 1761 ut,
392 1683 551 1749 abscisis4
563 1684 716 1746 omnibus
730 1684 914 1766 praesidiis,
926 1703 1083 1748 cessurus
1095 1681 1243 1767 Imperio

134 1784 323 1850 videbatur.
368 1784 437 1848 Sed
453 1791 572 1848 cuncta
587 1785 806 1862 festinatione,
822 1782 942 1848 deinde
963 1784 1099 1865 ignavia
1113 1781 1242 1863 Sabini,

136 1890 312 1968 corrupta:
336 1885 395 1967 qui
411 1885 529 1948 sumtis
545 1890 665 1948 temere
681 1885 795 1961 armis,
809 1884 1079 1949 munitissimam⁵
1091 1884 1243 1968 capitolii

135 2005 259 2064 arcent,
275 1991 309 2050 et
323 2005 363 2049 ne
378 1987 505 2068 magnis
519 1985 654 2069 quidem
676 1985 879 2052 exercitibus
900 1984 1167 2067 expugnabilem,
1183 1983 1242 2049 ud-

137 2177 165 2228 l..
180 2179 284 2240 Vitellio,
295 2178 349 2228 ticet
360 2177 523 2241 ignominiosa,
533 2181 615 2229 admei
633 2179 766 2230 industris:
781 2193 827 2228 sos
845 2178 910 2228 imis
920 2177 1023 2237 undas,
1042 2181 1070 2226 st
1087 2175 1180 2240 egregii
1196 2181 1243 2227 sat

136 2243 240 2294 bonesti
250 2242 311 2306 viri,
321 2245 362 2292 sed
373 2259 418 2318 pus
429 2244 521 2292 ratione
530 2246 671 2294 detmimes
681 2243 897 2307 quisqueflngitiis
906 2241 1014 2304 pollebat.

167 2309 235 2357 Desa
247 2307 298 2356 loer
309 2307 335 2356 in
350 2307 486 2356 Vitellianis
495 2314 608 2370 matur,
620 2307 735 2372 profecto
746 2308 841 2357 Nursia
856 2305 988 2368 Vespasiani
998 2305 1109 2370 reginen,
1119 2304 1186 2366 fests
1196 2303 1243 2356 Se·

137 2373 241 2420 tsrsnlia
256 2371 361 2420 Otrienii
370 2387 413 2434 per
423 2373 524 2434 quietem
534 2373 687 2422 celebrabant.
722 2373 800 2421 Cassa
818 2377 868 2420 tots
883 2385 998 2434 peruersa
1013 2371 1170 2420 cunctationis
1179 2366 1243 2433 suit,

137 2441 164 2485 st
175 2435 317 2484 Mucianum
328 2440 486 2498 eaptestarent.
520 2438 554 2484 Et
566 2437 676 2498 extitere,
687 2435 726 2499 qai
737 2436 868 2485 Antoniam
877 2441 1036 2546 aspectarent
1056 2435 1243 2498 innumerique,

137 2506 249 2561 treunam
266 2497 358 2547 frande
376 2513 460 2547 moras
471 2506 598 2562 necteret,
609 2508 669 2563 past
680 2501 798 2551 occultas
810 2501 899 2548 literas
936 2500 1021 2560 itellii,
1034 2499 1124 2560 quibus
1134 2498 1171 2546 itti
1183 2511 1243 2561 pro·

29 2595 30 2610 r
137 2563 261 2612 mittebat
273 2562 443 2626 consulatum,
453 2569 481 2611 et
490 2572 616 2613 maturam
629 2564 684 2614 tiro
695 2563 785 2624 tiliam,
796 2570 824 2613 et
834 2563 968 2626 pecuniam
980 2565 1102 2625 dotalem,
1109 2562 1243 2625 premium

138 2626 308 2676 transitionis.
341 2624 748 2690 Aiiit'sisabarc,etintiivorem
771 2627 887 2677 Muciani
906 2626 978 2688 icta,
991 2626 1143 2677 medeirsnt.
1176 2625 1244 2674 Nes·

138 2691 198 2738 eslii
210 2689 325 2749 aiebant,
335 2697 487 2739 structorum
496 2705 551 2739 earn
562 2691 655 2740 ducam
666 2691 747 2741 luisse
758 2698 883 2751 mentem,
893 2689 1033 2738 ostendere
1043 2690 1129 2752 potina
1140 2687 1243 2738 civitati

29 2773 30 2778 ¹
140 2768 220 2813 uma,
233 2767 309 2818 qoam
322 2752 437 2802 inferre:
456 2755 660 2819 qrtaudoqnidem
680 2755 833 2805 firmissimae
852 2756 970 2804 coirortce
987 2767 1003 2800 s
1015 2753 1122 2802 Vitellio
1133 2749 1244 2800 deiecis-

140 2825 207 2878 sent,
219 2825 258 2876 et,
269 2817 387 2879 abruptis
400 2819 517 2866 omnibus
533 2819 643 2880 auxiliis,
655 2820 793 2868 relicturus
813 2819 881 2867 ultro
897 2817 1073 2879 principatum
1093 2815 1243 2878 putabatur.

138 2880 188 2931 Sed
200 2882 288 2930 omnia
300 2882 457 2940 temeritate,
465 2881 526 2930 dein
536 2881 758 2945 socordissrbint,
767 2882 899 2932 labefacta
909 2895 980 2930 esse:
1000 2876 1044 2943 qui
1055 2894 1085 2928 es
1105 2879 1139 2928 tis
1150 2878 1243 2930 intem·

139 2946 243 3009 pertire
255 2945 343 3007 armis,
355 2953 446 2995 contra
462 2953 516 2996 tres
535 2947 656 2996 cohortes
676 2945 820 2996 defendere
841 2959 892 2994 nou
912 2945 1040 3008 potuisset
1058 2957 1090 2992 rs
1101 2942 1244 2992 idirsimum

141 3009 265 3075 Capitolii
276 3011 506 3074 propugnaculum,
517 3019 546 3059 et
556 3012 624 3075 quod
636 3023 669 3060 ne
684 3013 718 3060 ab
728 3009 877 3075 ingentibus
887 3008 992 3074 quidem
1002 3007 1161 3058 exercitibus
1178 3006 1242 3071 capi

600 3135 777 3157 ”uuonan

143 3213 204 3276 Agr.
215 3213 309 3273 edidit,
319 3215 407 3264 mnu
416 3209 517 3266 sisteris
526 3217 601 3266 miles.
625 3217 670 3268 Slc
681 3231 783 3281 quoque
794 3215 873 3265 babet
885 3215 937 3265 bis.
946 3211 1089 3266 corb-ll
1101 3211 1155 3262 bis.
1165 3210 1244 3264 corn.

142 3283 166 3325 st
179 3277 260 3328 ineas.
294 3279 423 3342 Corntpte
434 3281 515 3330 editio
527 3283 657 3346 princeps,
667 3281 779 3330 ationis.
796 3281 911 3330 Brotiet.

176 3343 249 3392 rste
261 3341 329 3394 bene
347 3343 398 3392 bis.
410 3343 473 3406 Agr.
487 3345 603 3409 nyctim
623 3354 651 3395 et
671 3347 839 3394 rer-entlores.
872 3342 946 3392 Male
966 3341 1019 3390 Μι.
1040 3340 1146 3403 Remi
1163 3337 1245 3389 editio

142 3403 1245 3581 tit‘p'ati'fflfuitwitsititiiltititiltss‘flt“biiii

178 3505 185 3519 s
223 3504 232 3520 s
316 3506 323 3520 ι
361 3505 367 3521 ι
865 3505 874 3532 p
926 3503 933 3518 ι
965 3502 972 3518 ι
1011 3505 1018 3518 ι
1079 3503 1086 3517 ι
1203 3493 1246 3518 ι’·-

144 3537 159 3582 2
176 3534 240 3584 bles.
252 3534 372 3610 Curbset
383 3534 447 3599 Agr.
462 3543 679 3600 pumma-t
698 3537 770 3588 blata
780 3538 832 3586 bis.
845 3535 911 3647 Ἢ..
927 3541 955 3610 et
971 3547 986 3582 e
1004 3533 1052 3609 itio
1063 3532 1245 3597 princepum

144 3597 246 3662 dejicere.
264 3599 430 3649 Breuem—l
447 3600 489 3649 Ita
507 3602 572 3652 lites.
591 3603 660 3652 Flor.
680 3602 745 3666 neg.
762 3599 850 3651 Gnelt‘.
905 3606 953 3648 utto
972 3611 1093 3662 princeps
1111 3603 1139 3645 et
1157 3609 1246 3646 recen·

144 3661 230 3714 tiores.
264 3661 328 3712 lise.
341 3663 417 3716 llari.
428 3665 506 3716 Bndl.
517 3665 574 3717 ies.
586 3674 614 3716 at
630 3665 801 3730 Puteolanus,
811 3662 976 3714 sistitis-t
995 3659 1245 3712 liudemtssietisi·

640 3855 750 3912 ΝΟΤΕ

175 4004 194 4032 ¹
211 3997 332 4066 Omissis]
359 4001 522 4070 Ocriculum,
537 4006 579 4058 vel
598 4007 672 4062 out-
713 4007 780 4060 sris:
796 4003 897 4067 exejus
914 3995 995 4051 ruinis
1010 3991 1095 4046 crevit
1105 3989 1166 4043 urbs
1178 4004 1246 4044 asne

144 4072 312 4140 trien,er
323 4075 440 4130 Umbria
451 4081 579 4146 aglaum
596 4083 674 4136 110de
713 4088 808 4135 vomu
827 4075 945 4131 missii:
966 4077 1007 4121 est
1022 4068 1137 4120 Umbriae
1156 4081 1247 4120 receu-

143 4145 350 4219 isrsisisisest,
367 4159 398 4206 et
411 4154 507 4208 aletur
521 4157 603 4211 vivus
612 4159 674 4211 ‹to-
715 4156 835 4225 barinis
844 4158 918 4207 ststs
925 4146 1120 4202 scamna.
1136 4145 1230 4200 iiim
