<?xml version="1.0" encoding="UTF-8"?>
<!DOCTYPE html PUBLIC "-//W3C//DTD XHTML 1.0 Transitional//EN"
    "http://www.w3.org/TR/xhtml1/DTD/xhtml1-transitional.dtd">
<html xmlns="http://www.w3.org/1999/xhtml" xml:lang="en" lang="en">
 <head>
  <title>
</title>
<meta http-equiv="Content-Type" content="text/html;charset=utf-8" />
  <meta name='ocr-system' content='tesseract 3.04.00' />
  <meta name='ocr-capabilities' content='ocr_page ocr_carea ocr_par ocr_line ocrx_word'/>
</head>
<body>
  <div class='ocr_page' id='page_1' title='image "./ccorneliitaciti02lipsgoog/ccorneliitaciti02lipsgoog_0436.png"; bbox 0 0 2925 4742; ppageno 0'>
   <div class='ocr_carea' id='block_1_1' title="bbox 203 241 1317 328">
    <p class='ocr_par' dir='ltr' id='par_1_1' title="bbox 203 241 1317 328">
     <span class='ocr_line' id='line_1_1' title="bbox 203 241 1317 328; baseline 0.009 -27"><span class='ocrx_word' id='word_1_1' title='bbox 203 241 294 313; x_wconf 76' lang='grc'><strong>3174</strong></span> <span class='ocrx_word' id='word_1_2' title='bbox 558 258 593 305; x_wconf 85' lang='lat' dir='ltr'><strong>o.</strong></span> <span class='ocrx_word' id='word_1_3' title='bbox 617 254 802 307; x_wconf 81' lang='lat' dir='ltr'><strong>connsnrr</strong></span> <span class='ocrx_word' id='word_1_4' title='bbox 825 256 956 307; x_wconf 78' lang='lat' dir='ltr'><strong>racttt</strong></span> <span class='ocrx_word' id='word_1_5' title='bbox 1151 264 1199 328; x_wconf 59' lang='lat' dir='ltr'><strong>[m</strong></span> <span class='ocrx_word' id='word_1_6' title='bbox 1209 262 1317 318; x_wconf 62' lang='lat' dir='ltr'><strong>omas.</strong></span> 
     </span>
    </p>
   </div>
   <div class='ocr_carea' id='block_1_2' title="bbox 137 400 1328 1098">
    <p class='ocr_par' dir='ltr' id='par_1_2' title="bbox 207 400 1328 895">
     <span class='ocr_line' id='line_1_2' title="bbox 207 400 1328 490; baseline 0.004 -23"><span class='ocrx_word' id='word_1_7' title='bbox 207 402 356 481; x_wconf 84' lang='lat' dir='ltr'><strong>oraculo,</strong></span> <span class='ocrx_word' id='word_1_8' title='bbox 385 400 566 467; x_wconf 87' lang='lat' dir='ltr'><strong>remedium</strong></span> <span class='ocrx_word' id='word_1_9' title='bbox 594 408 773 486; x_wconf 83' lang='lat' dir='ltr'><strong>petentem,</strong></span> <span class='ocrx_word' id='word_1_10' title='bbox 788 422 930 486; x_wconf 79' lang='lat' dir='ltr'><strong>purgare</strong></span> <span class='ocrx_word' id='word_1_11' title='bbox 942 402 1098 487; x_wconf 79' lang='lat' dir='ltr'><strong>Regnum</strong></span> <span class='ocrx_word' id='word_1_12' title='bbox 1111 410 1147 471; x_wconf 88' lang='lat' dir='ltr'><strong>et</strong></span> <span class='ocrx_word' id='word_1_13' title='bbox 1156 407 1194 473; x_wconf 90' lang='lat' dir='ltr'><strong>id</strong></span> <span class='ocrx_word' id='word_1_14' title='bbox 1208 424 1328 490; x_wconf 65' lang='lat' dir='ltr'><strong>genus,</strong></span> 
     </span>
     <span class='ocr_line' id='line_1_3' title="bbox 207 504 1320 594; baseline 0.003 -25"><span class='ocrx_word' id='word_1_15' title='bbox 207 504 388 581; x_wconf 89' lang='lat' dir='ltr'><strong>homiuum,</strong></span> <span class='ocrx_word' id='word_1_16' title='bbox 414 512 466 567; x_wconf 87' lang='lat' dir='ltr'><strong>ut²</strong></span> <span class='ocrx_word' id='word_1_17' title='bbox 488 505 630 571; x_wconf 87' lang='lat' dir='ltr'><strong>invisum</strong></span> <span class='ocrx_word' id='word_1_18' title='bbox 656 504 751 582; x_wconf 82' lang='lat' dir='ltr'><strong>Deis,</strong></span> <span class='ocrx_word' id='word_1_19' title='bbox 766 505 862 568; x_wconf 81' lang='lat' dir='ltr'><strong>alias³</strong></span> <span class='ocrx_word' id='word_1_20' title='bbox 887 508 921 569; x_wconf 90' lang='lat' dir='ltr'><strong>in</strong></span> <span class='ocrx_word' id='word_1_21' title='bbox 944 512 1049 570; x_wconf 86' lang='lat' dir='ltr'><strong>terras</strong></span> <span class='ocrx_word' id='word_1_22' title='bbox 1071 508 1224 571; x_wconf 83' lang='lat' dir='ltr'><strong>avehere⁴</strong></span> <span class='ocrx_word' id='word_1_23' title='bbox 1238 508 1320 594; x_wconf 51' lang='lat' dir='ltr'><strong>,inse¹</strong></span> 
     </span>
     <span class='ocr_line' id='line_1_4' title="bbox 209 606 1318 691; baseline 0.002 -20"><span class='ocrx_word' id='word_1_24' title='bbox 209 625 296 671; x_wconf 85' lang='lat' dir='ltr'><strong>sum.</strong></span> <span class='ocrx_word' id='word_1_25' title='bbox 354 606 413 670; x_wconf 91' lang='lat' dir='ltr'><strong>Sic</strong></span> <span class='ocrx_word' id='word_1_26' title='bbox 442 608 665 687; x_wconf 86' lang='lat' dir='ltr'><strong>conquisitum</strong></span> <span class='ocrx_word' id='word_1_27' title='bbox 696 606 941 689; x_wconf 88' lang='lat' dir='ltr'><strong>collectumque</strong></span> <span class='ocrx_word' id='word_1_28' title='bbox 968 607 1100 689; x_wconf 84' lang='lat' dir='ltr'><strong>vulgus,</strong></span> <span class='ocrx_word' id='word_1_29' title='bbox 1130 617 1318 691; x_wconf 84' lang='lat' dir='ltr'><strong>postquam</strong></span> 
     </span>
     <span class='ocr_line' id='line_1_5' title="bbox 209 707 1319 792; baseline -0.001 -17"><span class='ocrx_word' id='word_1_30' title='bbox 209 710 316 775; x_wconf 82' lang='lat' dir='ltr'><strong>vastis</strong></span> <span class='ocrx_word' id='word_1_31' title='bbox 330 709 428 773; x_wconf 85' lang='lat' dir='ltr'><strong>locis&#39;</strong></span> <span class='ocrx_word' id='word_1_32' title='bbox 442 707 592 771; x_wconf 90' lang='lat' dir='ltr'><strong>relictum</strong></span> <span class='ocrx_word' id='word_1_33' title='bbox 608 709 664 784; x_wconf 88' lang='lat' dir='ltr'><strong>sit,</strong></span> <span class='ocrx_word' id='word_1_34' title='bbox 681 710 798 771; x_wconf 85' lang='lat' dir='ltr'><strong>ceteris</strong></span> <span class='ocrx_word' id='word_1_35' title='bbox 821 728 884 790; x_wconf 87' lang='lat' dir='ltr'><strong>per</strong></span> <span class='ocrx_word' id='word_1_36' title='bbox 907 708 1073 792; x_wconf 76' lang='lat' dir='ltr'><strong>lacrymas</strong></span> <span class='ocrx_word' id='word_1_37' title='bbox 1096 711 1319 792; x_wconf 76' lang='lat' dir='ltr'><strong>torpentibus,</strong></span> 
     </span>
     <span class='ocr_line' id='line_1_6' title="bbox 211 808 1319 895; baseline 0 -20"><span class='ocrx_word' id='word_1_38' title='bbox 211 808 344 886; x_wconf 81' lang='lat' dir='ltr'><strong>Mosen,</strong></span> <span class='ocrx_word' id='word_1_39' title='bbox 384 828 485 871; x_wconf 90' lang='lat' dir='ltr'><strong>unum</strong></span> <span class='ocrx_word' id='word_1_40' title='bbox 521 809 680 885; x_wconf 78' lang='lat' dir='ltr'><strong>exulum,⁵</strong></span> <span class='ocrx_word' id='word_1_41' title='bbox 710 808 905 887; x_wconf 75' lang='lat' dir='ltr'><strong>monuisse-,⁶</strong></span> <span class='ocrx_word' id='word_1_42' title='bbox 937 830 979 873; x_wconf 89' lang='lat' dir='ltr'><strong>ue</strong></span> <span class='ocrx_word' id='word_1_43' title='bbox 1018 831 1120 895; x_wconf 84' lang='lat' dir='ltr'><strong>qnam</strong></span> <span class='ocrx_word' id='word_1_44' title='bbox 1153 812 1319 875; x_wconf 82' lang='lat' dir='ltr'><strong>Deorum⁷</strong></span> 
     </span>
    </p>

    <p class='ocr_par' dir='ltr' id='par_1_3' title="bbox 137 911 1321 1098">
     <span class='ocr_line' id='line_1_7' title="bbox 208 911 1319 994; baseline -0.002 -17"><span class='ocrx_word' id='word_1_45' title='bbox 208 911 420 977; x_wconf 82' lang='lat' dir='ltr'><strong>hominumve</strong></span> <span class='ocrx_word' id='word_1_46' title='bbox 442 930 540 993; x_wconf 90' lang='lat' dir='ltr'><strong>opem</strong></span> <span class='ocrx_word' id='word_1_47' title='bbox 564 914 792 991; x_wconf 81' lang='lat' dir='ltr'><strong>expectarent,</strong></span> <span class='ocrx_word' id='word_1_48' title='bbox 807 911 986 994; x_wconf 80' lang='lat' dir='ltr'><strong>utrimqne⁸</strong></span> <span class='ocrx_word' id='word_1_49' title='bbox 1013 912 1146 990; x_wconf 79' lang='lat' dir='ltr'><strong>deserti,</strong></span> <span class='ocrx_word' id='word_1_50' title='bbox 1162 912 1222 976; x_wconf 94' lang='lat' dir='ltr'><strong>sed</strong></span> <span class='ocrx_word' id='word_1_51' title='bbox 1236 912 1319 989; x_wconf 89' lang='lat' dir='ltr'><strong>sibi,</strong></span> 
     </span>
     <span class='ocr_line' id='line_1_8' title="bbox 137 994 1321 1098; baseline 0 -21"><span class='ocrx_word' id='word_1_52' title='bbox 137 994 142 1006; x_wconf 58' lang='lat'><strong><em>¹</em></strong></span> <span class='ocrx_word' id='word_1_53' title='bbox 206 1016 249 1079; x_wconf 85' lang='lat' dir='ltr'><strong>¹ut</strong></span> <span class='ocrx_word' id='word_1_54' title='bbox 274 1011 366 1075; x_wconf 89' lang='lat' dir='ltr'><strong>Duci</strong></span> <span class='ocrx_word' id='word_1_55' title='bbox 399 1010 541 1087; x_wconf 87' lang='lat' dir='ltr'><strong>coelesti,</strong></span> <span class='ocrx_word' id='word_1_56' title='bbox 570 1010 765 1089; x_wconf 83' lang='lat' dir='ltr'><strong>crederent,⁹</strong></span> <span class='ocrx_word' id='word_1_57' title='bbox 791 1012 901 1093; x_wconf 91' lang='lat' dir='ltr'><strong>primo</strong></span> <span class='ocrx_word' id='word_1_58' title='bbox 929 1012 1026 1096; x_wconf 90' lang='lat' dir='ltr'><strong>cujus</strong></span> <span class='ocrx_word' id='word_1_59' title='bbox 1053 1014 1201 1081; x_wconf 84' lang='lat' dir='ltr'><strong>auxilio&#39;</strong></span> <span class='ocrx_word' id='word_1_60' title='bbox 1227 1032 1321 1098; x_wconf 73' lang='lat' dir='ltr'><strong>prac-</strong></span> 
     </span>
    </p>
   </div>
   <div class='ocr_carea' id='block_1_3' title="bbox 211 1194 1326 1648">
    <p class='ocr_par' dir='ltr' id='par_1_4' title="bbox 211 1194 1326 1648">
     <span class='ocr_line' id='line_1_9' title="bbox 211 1194 1324 1262; baseline -0.004 -15"><span class='ocrx_word' id='word_1_61' title='bbox 211 1194 326 1247; x_wconf 86' lang='lat' dir='ltr'><strong>bomines</strong></span> <span class='ocrx_word' id='word_1_62' title='bbox 338 1198 535 1257; x_wconf 73' lang='lat' dir='ltr'><strong>contaminaret,</strong></span> <span class='ocrx_word' id='word_1_63' title='bbox 553 1198 609 1262; x_wconf 74' lang='lat' dir='ltr'><strong>regi</strong></span> <span class='ocrx_word' id='word_1_64' title='bbox 626 1198 767 1259; x_wconf 80' lang='lat' dir='ltr'><strong>Bocchori,</strong></span> <span class='ocrx_word' id='word_1_65' title='bbox 777 1198 894 1247; x_wconf 79' lang='lat' dir='ltr'><strong>consalta</strong></span> <span class='ocrx_word' id='word_1_66' title='bbox 905 1198 1011 1247; x_wconf 86' lang='lat' dir='ltr'><strong>oraculo</strong></span> <span class='ocrx_word' id='word_1_67' title='bbox 1026 1196 1096 1247; x_wconf 82' lang='lat' dir='ltr'><strong>Jooir</strong></span> <span class='ocrx_word' id='word_1_68' title='bbox 1107 1194 1269 1256; x_wconf 77' lang='lat' dir='ltr'><strong>Hammonis,</strong></span> <span class='ocrx_word' id='word_1_69' title='bbox 1278 1208 1324 1256; x_wconf 76' lang='lat' dir='ltr'><strong>re·</strong></span> 
     </span>
     <span class='ocr_line' id='line_1_10' title="bbox 212 1260 1323 1325; baseline -0.004 -15"><span class='ocrx_word' id='word_1_70' title='bbox 212 1260 326 1310; x_wconf 89' lang='lat' dir='ltr'><strong>medium</strong></span> <span class='ocrx_word' id='word_1_71' title='bbox 346 1263 485 1324; x_wconf 70' lang='lat' dir='ltr'><strong>postulanti</strong></span> <span class='ocrx_word' id='word_1_72' title='bbox 503 1262 657 1325; x_wconf 86' lang='lat' dir='ltr'><strong>imperatum</strong></span> <span class='ocrx_word' id='word_1_73' title='bbox 669 1277 727 1322; x_wconf 85' lang='lat' dir='ltr'><strong>csse,</strong></span> <span class='ocrx_word' id='word_1_74' title='bbox 744 1270 773 1311; x_wconf 90' lang='lat' dir='ltr'><strong>nt</strong></span> <span class='ocrx_word' id='word_1_75' title='bbox 785 1270 911 1324; x_wconf 76' lang='lat' dir='ltr'><strong>purgaret</strong></span> <span class='ocrx_word' id='word_1_76' title='bbox 921 1262 1089 1325; x_wconf 82' lang='lat' dir='ltr'><strong>provinciam,</strong></span> <span class='ocrx_word' id='word_1_77' title='bbox 1108 1269 1136 1309; x_wconf 92' lang='lat' dir='ltr'><strong>et</strong></span> <span class='ocrx_word' id='word_1_78' title='bbox 1157 1275 1213 1308; x_wconf 82' lang='lat' dir='ltr'><strong>eam</strong></span> <span class='ocrx_word' id='word_1_79' title='bbox 1225 1274 1272 1322; x_wconf 90' lang='lat' dir='ltr'><strong>pro</strong></span> <span class='ocrx_word' id='word_1_80' title='bbox 1292 1272 1323 1306; x_wconf 87' lang='lat' dir='ltr'><strong>c·</strong></span> 
     </span>
     <span class='ocr_line' id='line_1_11' title="bbox 213 1322 1322 1389; baseline -0.004 -14"><span class='ocrx_word' id='word_1_81' title='bbox 213 1326 283 1375; x_wconf 81' lang='lat' dir='ltr'><strong>nient</strong></span> <span class='ocrx_word' id='word_1_82' title='bbox 304 1326 459 1384; x_wconf 86' lang='lat' dir='ltr'><strong>mortalium,</strong></span> <span class='ocrx_word' id='word_1_83' title='bbox 470 1333 594 1389; x_wconf 85' lang='lat' dir='ltr'><strong>tanquam</strong></span> <span class='ocrx_word' id='word_1_84' title='bbox 611 1324 730 1375; x_wconf 83' lang='lat' dir='ltr'><strong>infertam</strong></span> <span class='ocrx_word' id='word_1_85' title='bbox 746 1326 812 1387; x_wconf 80' lang='lat' dir='ltr'><strong>Diis,</strong></span> <span class='ocrx_word' id='word_1_86' title='bbox 822 1326 848 1373; x_wconf 90' lang='lat' dir='ltr'><strong>in</strong></span> <span class='ocrx_word' id='word_1_87' title='bbox 865 1326 928 1374; x_wconf 85' lang='lat' dir='ltr'><strong>alias</strong></span> <span class='ocrx_word' id='word_1_88' title='bbox 946 1326 1065 1387; x_wconf 71' lang='lat' dir='ltr'><strong>regiones</strong></span> <span class='ocrx_word' id='word_1_89' title='bbox 1077 1325 1242 1388; x_wconf 81' lang='lat' dir='ltr'><strong>deportaret.</strong></span> <span class='ocrx_word' id='word_1_90' title='bbox 1295 1322 1322 1371; x_wconf 81' lang='lat' dir='ltr'><strong>ic</strong></span> 
     </span>
     <span class='ocr_line' id='line_1_12' title="bbox 212 1387 1320 1455; baseline -0.003 -18"><span class='ocrx_word' id='word_1_91' title='bbox 212 1389 367 1453; x_wconf 73' lang='lat' dir='ltr'><strong>investigata</strong></span> <span class='ocrx_word' id='word_1_92' title='bbox 384 1398 569 1455; x_wconf 85' lang='lat' dir='ltr'><strong>contractaque</strong></span> <span class='ocrx_word' id='word_1_93' title='bbox 591 1390 740 1452; x_wconf 86' lang='lat' dir='ltr'><strong>multitudo,</strong></span> <span class='ocrx_word' id='word_1_94' title='bbox 759 1398 894 1453; x_wconf 82' lang='lat' dir='ltr'><strong>postquam</strong></span> <span class='ocrx_word' id='word_1_95' title='bbox 914 1389 1024 1439; x_wconf 78' lang='lat' dir='ltr'><strong>desertis</strong></span> <span class='ocrx_word' id='word_1_96' title='bbox 1041 1390 1104 1438; x_wconf 85' lang='lat' dir='ltr'><strong>locis</strong></span> <span class='ocrx_word' id='word_1_97' title='bbox 1123 1387 1320 1447; x_wconf 65' lang='lat' dir='ltr'><strong>destitutum,</strong></span> 
     </span>
     <span class='ocr_line' id='line_1_13' title="bbox 214 1452 1324 1517; baseline -0.005 -14"><span class='ocrx_word' id='word_1_98' title='bbox 214 1454 311 1503; x_wconf 86' lang='lat' dir='ltr'><strong>ceteris</strong></span> <span class='ocrx_word' id='word_1_99' title='bbox 322 1452 385 1503; x_wconf 84' lang='lat' dir='ltr'><strong>lietu</strong></span> <span class='ocrx_word' id='word_1_100' title='bbox 404 1460 432 1503; x_wconf 90' lang='lat' dir='ltr'><strong>et</strong></span> <span class='ocrx_word' id='word_1_101' title='bbox 449 1454 539 1503; x_wconf 86' lang='lat' dir='ltr'><strong>dolore</strong></span> <span class='ocrx_word' id='word_1_102' title='bbox 554 1454 764 1516; x_wconf 83' lang='lat' dir='ltr'><strong>hebescentibus,</strong></span> <span class='ocrx_word' id='word_1_103' title='bbox 779 1454 881 1516; x_wconf 87' lang='lat' dir='ltr'><strong>Mosen,</strong></span> <span class='ocrx_word' id='word_1_104' title='bbox 898 1469 974 1503; x_wconf 89' lang='lat' dir='ltr'><strong>onum</strong></span> <span class='ocrx_word' id='word_1_105' title='bbox 987 1453 1154 1517; x_wconf 75' lang='lat' dir='ltr'><strong>profugorum</strong></span> <span class='ocrx_word' id='word_1_106' title='bbox 1172 1452 1210 1500; x_wconf 90' lang='lat' dir='ltr'><strong>eis</strong></span> <span class='ocrx_word' id='word_1_107' title='bbox 1227 1465 1324 1499; x_wconf 85' lang='lat' dir='ltr'><strong>consu-</strong></span> 
     </span>
     <span class='ocr_line' id='line_1_14' title="bbox 213 1516 1324 1581; baseline -0.002 -17"><span class='ocrx_word' id='word_1_108' title='bbox 213 1517 302 1579; x_wconf 85' lang='lat' dir='ltr'><strong>luisse,</strong></span> <span class='ocrx_word' id='word_1_109' title='bbox 324 1532 357 1567; x_wconf 91' lang='lat' dir='ltr'><strong>no</strong></span> <span class='ocrx_word' id='word_1_110' title='bbox 407 1518 456 1567; x_wconf 91' lang='lat' dir='ltr'><strong>uod</strong></span> <span class='ocrx_word' id='word_1_111' title='bbox 485 1518 607 1567; x_wconf 83' lang='lat' dir='ltr'><strong>auxillum</strong></span> <span class='ocrx_word' id='word_1_112' title='bbox 626 1518 741 1568; x_wconf 84' lang='lat' dir='ltr'><strong>Deorum</strong></span> <span class='ocrx_word' id='word_1_113' title='bbox 771 1525 817 1566; x_wconf 88' lang='lat' dir='ltr'><strong>ant</strong></span> <span class='ocrx_word' id='word_1_114' title='bbox 841 1518 969 1567; x_wconf 87' lang='lat' dir='ltr'><strong>hominum</strong></span> <span class='ocrx_word' id='word_1_115' title='bbox 988 1526 1133 1581; x_wconf 75' lang='lat' dir='ltr'><strong>sperarent,</strong></span> <span class='ocrx_word' id='word_1_116' title='bbox 1149 1516 1181 1565; x_wconf 90' lang='lat' dir='ltr'><strong>ab</strong></span> <span class='ocrx_word' id='word_1_117' title='bbox 1201 1516 1324 1578; x_wconf 84' lang='lat' dir='ltr'><strong>utrisque</strong></span> 
     </span>
     <span class='ocr_line' id='line_1_15' title="bbox 215 1578 1326 1648; baseline -0.003 -18"><span class='ocrx_word' id='word_1_118' title='bbox 215 1581 312 1647; x_wconf 86' lang='lat' dir='ltr'><strong>relicti,</strong></span> <span class='ocrx_word' id='word_1_119' title='bbox 323 1582 369 1631; x_wconf 87' lang='lat' dir='ltr'><strong>sed</strong></span> <span class='ocrx_word' id='word_1_120' title='bbox 382 1582 431 1631; x_wconf 87' lang='lat' dir='ltr'><strong>nbi</strong></span> <span class='ocrx_word' id='word_1_121' title='bbox 443 1582 491 1647; x_wconf 87' lang='lat' dir='ltr'><strong>ipsi</strong></span> <span class='ocrx_word' id='word_1_122' title='bbox 501 1580 672 1645; x_wconf 83' lang='lat' dir='ltr'><strong>confiderent,</strong></span> <span class='ocrx_word' id='word_1_123' title='bbox 685 1590 806 1647; x_wconf 84' lang='lat' dir='ltr'><strong>tanquam</strong></span> <span class='ocrx_word' id='word_1_124' title='bbox 818 1581 906 1631; x_wconf 85' lang='lat' dir='ltr'><strong>divino</strong></span> <span class='ocrx_word' id='word_1_125' title='bbox 917 1582 986 1648; x_wconf 65' lang='lat' dir='ltr'><strong>duct</strong></span> <span class='ocrx_word' id='word_1_126' title='bbox 1004 1582 1087 1645; x_wconf 89' lang='lat' dir='ltr'><strong>primo</strong></span> <span class='ocrx_word' id='word_1_127' title='bbox 1105 1581 1179 1645; x_wconf 87' lang='lat' dir='ltr'><strong>cujus</strong></span> <span class='ocrx_word' id='word_1_128' title='bbox 1190 1578 1326 1643; x_wconf 81' lang='lat' dir='ltr'><strong>adjutorio</strong></span> 
     </span>
    </p>
   </div>
   <div class='ocr_carea' id='block_1_4' title="bbox 676 1734 856 1754">
    <p class='ocr_par' dir='ltr' id='par_1_5' title="bbox 676 1734 856 1754">
     <span class='ocr_line' id='line_1_16' title="bbox 676 1734 856 1754; baseline 0.006 -1"><span class='ocrx_word' id='word_1_129' title='bbox 676 1734 856 1754; x_wconf 64' lang='lat' dir='ltr'><strong>&#39;nuenton</strong></span> 
     </span>
    </p>
   </div>
   <div class='ocr_carea' id='block_1_5' title="bbox 216 1838 1332 2869">
    <p class='ocr_par' dir='ltr' id='par_1_6' title="bbox 216 1838 1332 2869">
     <span class='ocr_line' id='line_1_17' title="bbox 216 1838 1325 1901; baseline 0 -12"><span class='ocrx_word' id='word_1_130' title='bbox 216 1840 325 1890; x_wconf 75' lang='lat' dir='ltr'><strong>Oct-crim</strong></span> <span class='ocrx_word' id='word_1_131' title='bbox 336 1840 377 1891; x_wconf 83' lang='lat' dir='ltr'><strong>vel</strong></span> <span class='ocrx_word' id='word_1_132' title='bbox 391 1839 526 1891; x_wconf 78' lang='lat' dir='ltr'><strong>Occlcrinr.</strong></span> <span class='ocrx_word' id='word_1_133' title='bbox 558 1841 674 1893; x_wconf 85' lang='lat' dir='ltr'><strong>Budens.</strong></span> <span class='ocrx_word' id='word_1_134' title='bbox 687 1844 890 1893; x_wconf 70' lang='lat' dir='ltr'><strong>Bocchorum-2</strong></span> <span class='ocrx_word' id='word_1_135' title='bbox 907 1842 978 1891; x_wconf 81' lang='lat' dir='ltr'><strong>Male</strong></span> <span class='ocrx_word' id='word_1_136' title='bbox 988 1840 1158 1901; x_wconf 80' lang='lat' dir='ltr'><strong>Puteolanus,</strong></span> <span class='ocrx_word' id='word_1_137' title='bbox 1168 1844 1192 1888; x_wconf 78' lang='lat' dir='ltr'><strong>et</strong></span> <span class='ocrx_word' id='word_1_138' title='bbox 1209 1838 1325 1889; x_wconf 70' lang='lat' dir='ltr'><strong>tarium.</strong></span> 
     </span>
     <span class='ocr_line' id='line_1_18' title="bbox 216 1904 1326 1957; baseline -0.003 -4"><span class='ocrx_word' id='word_1_139' title='bbox 216 1904 380 1955; x_wconf 69' lang='lat' dir='ltr'><strong>Brunca-t</strong></span> <span class='ocrx_word' id='word_1_140' title='bbox 397 1908 466 1955; x_wconf 75' lang='lat' dir='ltr'><strong>Alios</strong></span> <span class='ocrx_word' id='word_1_141' title='bbox 477 1908 552 1957; x_wconf 88' lang='lat' dir='ltr'><strong>abest</strong></span> <span class='ocrx_word' id='word_1_142' title='bbox 570 1920 586 1955; x_wconf 95' lang='lat' dir='ltr'><strong>a</strong></span> <span class='ocrx_word' id='word_1_143' title='bbox 598 1908 647 1955; x_wconf 85' lang='lat' dir='ltr'><strong>Ms.</strong></span> <span class='ocrx_word' id='word_1_144' title='bbox 658 1908 784 1957; x_wconf 71' lang='lat' dir='ltr'><strong>Corn—d</strong></span> <span class='ocrx_word' id='word_1_145' title='bbox 801 1909 874 1957; x_wconf 87' lang='lat' dir='ltr'><strong>Bene</strong></span> <span class='ocrx_word' id='word_1_146' title='bbox 883 1906 921 1955; x_wconf 86' lang='lat' dir='ltr'><strong>sic</strong></span> <span class='ocrx_word' id='word_1_147' title='bbox 933 1906 996 1955; x_wconf 81' lang='lat' dir='ltr'><strong>illst.</strong></span> <span class='ocrx_word' id='word_1_148' title='bbox 1006 1905 1083 1954; x_wconf 88' lang='lat' dir='ltr'><strong>Bodl.</strong></span> <span class='ocrx_word' id='word_1_149' title='bbox 1095 1904 1150 1954; x_wconf 85' lang='lat' dir='ltr'><strong>Jes.</strong></span> <span class='ocrx_word' id='word_1_150' title='bbox 1163 1904 1326 1952; x_wconf 80' lang='lat' dir='ltr'><strong>Puteolanus</strong></span> 
     </span>
     <span class='ocr_line' id='line_1_19' title="bbox 216 1968 1326 2035; baseline -0.002 -18"><span class='ocrx_word' id='word_1_151' title='bbox 216 1974 245 2018; x_wconf 88' lang='lat' dir='ltr'><strong>et</strong></span> <span class='ocrx_word' id='word_1_152' title='bbox 256 1970 425 2019; x_wconf 86' lang='lat' dir='ltr'><strong>recentiores.</strong></span> <span class='ocrx_word' id='word_1_153' title='bbox 450 1970 482 2019; x_wconf 90' lang='lat' dir='ltr'><strong>lu</strong></span> <span class='ocrx_word' id='word_1_154' title='bbox 493 1970 558 2020; x_wconf 81' lang='lat' dir='ltr'><strong>lllss.</strong></span> <span class='ocrx_word' id='word_1_155' title='bbox 571 1970 638 2035; x_wconf 81' lang='lat' dir='ltr'><strong>Reg.</strong></span> <span class='ocrx_word' id='word_1_156' title='bbox 651 1972 729 2021; x_wconf 88' lang='lat' dir='ltr'><strong>Corb.</strong></span> <span class='ocrx_word' id='word_1_157' title='bbox 742 1972 814 2019; x_wconf 81' lang='lat' dir='ltr'><strong>abire.</strong></span> <span class='ocrx_word' id='word_1_158' title='bbox 840 1970 929 2019; x_wconf 85' lang='lat' dir='ltr'><strong>Editio</strong></span> <span class='ocrx_word' id='word_1_159' title='bbox 940 1970 1073 2034; x_wconf 84' lang='lat' dir='ltr'><strong>princeps,</strong></span> <span class='ocrx_word' id='word_1_160' title='bbox 1083 1968 1191 2027; x_wconf 75' lang='lat' dir='ltr'><strong>abjicere.</strong></span> <span class='ocrx_word' id='word_1_161' title='bbox 1209 1968 1326 2016; x_wconf 86' lang='lat' dir='ltr'><strong>Brotier.</strong></span> 
     </span>
     <span class='ocr_line' id='line_1_20' title="bbox 216 2031 1328 2099; baseline -0.002 -17"><span class='ocrx_word' id='word_1_162' title='bbox 216 2038 265 2081; x_wconf 71' lang='grc'><strong>-5</strong></span> <span class='ocrx_word' id='word_1_163' title='bbox 292 2034 343 2083; x_wconf 83' lang='lat' dir='ltr'><strong>Ms.</strong></span> <span class='ocrx_word' id='word_1_164' title='bbox 362 2034 426 2098; x_wconf 77' lang='lat' dir='ltr'><strong>lieg.</strong></span> <span class='ocrx_word' id='word_1_165' title='bbox 446 2042 475 2083; x_wconf 91' lang='lat' dir='ltr'><strong>et</strong></span> <span class='ocrx_word' id='word_1_166' title='bbox 495 2035 577 2084; x_wconf 79' lang='lat' dir='ltr'><strong>editio</strong></span> <span class='ocrx_word' id='word_1_167' title='bbox 596 2037 728 2099; x_wconf 90' lang='lat' dir='ltr'><strong>princeps,</strong></span> <span class='ocrx_word' id='word_1_168' title='bbox 743 2036 845 2093; x_wconf 62' lang='grc' dir='ltr'><strong>Μοῦσα,</strong></span> <span class='ocrx_word' id='word_1_169' title='bbox 861 2050 932 2083; x_wconf 76' lang='lat' dir='ltr'><strong>anam</strong></span> <span class='ocrx_word' id='word_1_170' title='bbox 951 2035 1052 2082; x_wconf 69' lang='lat' dir='ltr'><strong>etaim.</strong></span> <span class='ocrx_word' id='word_1_171' title='bbox 1086 2033 1149 2081; x_wconf 83' lang='lat' dir='ltr'><strong>Mas.</strong></span> <span class='ocrx_word' id='word_1_172' title='bbox 1172 2031 1245 2080; x_wconf 84' lang='lat' dir='ltr'><strong>Harl.</strong></span> <span class='ocrx_word' id='word_1_173' title='bbox 1266 2032 1328 2082; x_wconf 77' lang='lat' dir='ltr'><strong>des.</strong></span> 
     </span>
     <span class='ocr_line' id='line_1_21' title="bbox 218 2096 1327 2163; baseline -0.003 -17"><span class='ocrx_word' id='word_1_174' title='bbox 218 2096 297 2146; x_wconf 89' lang='lat' dir='ltr'><strong>Corb.</strong></span> <span class='ocrx_word' id='word_1_175' title='bbox 316 2099 415 2163; x_wconf 76' lang='lat' dir='ltr'><strong>Moysen</strong></span> <span class='ocrx_word' id='word_1_176' title='bbox 426 2106 472 2147; x_wconf 90' lang='lat' dir='ltr'><strong>aut</strong></span> <span class='ocrx_word' id='word_1_177' title='bbox 484 2100 650 2162; x_wconf 64' lang='lat' dir='ltr'><strong>Murram-d</strong></span> <span class='ocrx_word' id='word_1_178' title='bbox 666 2100 715 2150; x_wconf 87' lang='lat' dir='ltr'><strong>Ed.</strong></span> <span class='ocrx_word' id='word_1_179' title='bbox 735 2114 774 2161; x_wconf 85' lang='lat' dir='ltr'><strong>pr.</strong></span> <span class='ocrx_word' id='word_1_180' title='bbox 791 2099 946 2148; x_wconf 77' lang='lat' dir='ltr'><strong>mostata-l</strong></span> <span class='ocrx_word' id='word_1_181' title='bbox 963 2096 1089 2150; x_wconf 80' lang='lat' dir='ltr'><strong>Qiroedam</strong></span> <span class='ocrx_word' id='word_1_182' title='bbox 1101 2096 1236 2145; x_wconf 86' lang='lat' dir='ltr'><strong>Editioncs</strong></span> <span class='ocrx_word' id='word_1_183' title='bbox 1247 2096 1327 2144; x_wconf 73' lang='lat' dir='ltr'><strong>Dm.</strong></span> 
     </span>
     <span class='ocr_line' id='line_1_22' title="bbox 218 2160 1329 2226; baseline -0.001 -16"><span class='ocrx_word' id='word_1_184' title='bbox 218 2163 400 2226; x_wconf 70' lang='lat' dir='ltr'><strong>templorumque</strong></span> <span class='ocrx_word' id='word_1_185' title='bbox 410 2163 523 2212; x_wconf 73' lang='lat' dir='ltr'><strong>tom—8</strong></span> <span class='ocrx_word' id='word_1_186' title='bbox 535 2161 647 2212; x_wconf 84' lang='lat' dir='ltr'><strong>ltaMss.</strong></span> <span class='ocrx_word' id='word_1_187' title='bbox 657 2164 727 2212; x_wconf 82' lang='lat' dir='ltr'><strong>Flor.</strong></span> <span class='ocrx_word' id='word_1_188' title='bbox 736 2164 802 2225; x_wconf 72' lang='lat' dir='ltr'><strong>Bag.</strong></span> <span class='ocrx_word' id='word_1_189' title='bbox 812 2164 889 2212; x_wconf 80' lang='lat' dir='ltr'><strong>corb.</strong></span> <span class='ocrx_word' id='word_1_190' title='bbox 899 2162 963 2225; x_wconf 71' lang='lat' dir='ltr'><strong>Agr.</strong></span> <span class='ocrx_word' id='word_1_191' title='bbox 974 2161 1057 2211; x_wconf 87' lang='lat' dir='ltr'><strong>editio</strong></span> <span class='ocrx_word' id='word_1_192' title='bbox 1067 2162 1198 2223; x_wconf 86' lang='lat' dir='ltr'><strong>princeps,</strong></span> <span class='ocrx_word' id='word_1_193' title='bbox 1205 2160 1329 2222; x_wconf 76' lang='lat' dir='ltr'><strong>Byckius</strong></span> 
     </span>
     <span class='ocr_line' id='line_1_23' title="bbox 219 2224 1329 2287; baseline -0.003 -13"><span class='ocrx_word' id='word_1_194' title='bbox 219 2232 247 2275; x_wconf 89' lang='lat' dir='ltr'><strong>et</strong></span> <span class='ocrx_word' id='word_1_195' title='bbox 265 2228 433 2276; x_wconf 84' lang='lat' dir='ltr'><strong>recentiores.</strong></span> <span class='ocrx_word' id='word_1_196' title='bbox 467 2227 531 2279; x_wconf 88' lang='lat' dir='ltr'><strong>Mss.</strong></span> <span class='ocrx_word' id='word_1_197' title='bbox 550 2226 713 2277; x_wconf 87' lang='lat' dir='ltr'><strong>Harl.Bodl.</strong></span> <span class='ocrx_word' id='word_1_198' title='bbox 728 2228 784 2278; x_wconf 83' lang='lat' dir='ltr'><strong>Jes.</strong></span> <span class='ocrx_word' id='word_1_199' title='bbox 802 2235 831 2277; x_wconf 91' lang='lat' dir='ltr'><strong>et</strong></span> <span class='ocrx_word' id='word_1_200' title='bbox 849 2227 1018 2287; x_wconf 84' lang='lat' dir='ltr'><strong>Puteolanos,</strong></span> <span class='ocrx_word' id='word_1_201' title='bbox 1033 2226 1063 2273; x_wconf 83' lang='lat' dir='ltr'><strong>ut</strong></span> <span class='ocrx_word' id='word_1_202' title='bbox 1080 2224 1329 2287; x_wconf 51' lang='lat' dir='ltr'><strong>atnrqaedesertie</strong></span> 
     </span>
     <span class='ocr_line' id='line_1_24' title="bbox 218 2288 1328 2351; baseline -0.002 -12"><span class='ocrx_word' id='word_1_203' title='bbox 218 2293 235 2338; x_wconf 82' lang='grc'>9</span> <span class='ocrx_word' id='word_1_204' title='bbox 252 2288 447 2351; x_wconf 57' lang='lat' dir='ltr'><strong>&amp;didimeam</strong></span> <span class='ocrx_word' id='word_1_205' title='bbox 458 2292 512 2339; x_wconf 80' lang='lat' dir='ltr'><strong>daci</strong></span> <span class='ocrx_word' id='word_1_206' title='bbox 523 2290 619 2350; x_wconf 84' lang='lat' dir='ltr'><strong>coelerti,</strong></span> <span class='ocrx_word' id='word_1_207' title='bbox 629 2294 752 2341; x_wconf 81' lang='lat' dir='ltr'><strong>crederent</strong></span> <span class='ocrx_word' id='word_1_208' title='bbox 767 2292 832 2339; x_wconf 84' lang='lat' dir='ltr'><strong>hlss.</strong></span> <span class='ocrx_word' id='word_1_209' title='bbox 851 2292 926 2340; x_wconf 85' lang='lat' dir='ltr'><strong>llarl.</strong></span> <span class='ocrx_word' id='word_1_210' title='bbox 945 2289 1022 2339; x_wconf 88' lang='lat' dir='ltr'><strong>Bodl.</strong></span> <span class='ocrx_word' id='word_1_211' title='bbox 1040 2289 1093 2340; x_wconf 86' lang='lat' dir='ltr'><strong>Jcs.</strong></span> <span class='ocrx_word' id='word_1_212' title='bbox 1112 2288 1275 2337; x_wconf 84' lang='lat' dir='ltr'><strong>Puteolanus</strong></span> <span class='ocrx_word' id='word_1_213' title='bbox 1296 2293 1328 2337; x_wconf 89' lang='lat' dir='ltr'><strong>et</strong></span> 
     </span>
     <span class='ocr_line' id='line_1_25' title="bbox 219 2353 1327 2418; baseline 0 -17"><span class='ocrx_word' id='word_1_214' title='bbox 219 2354 378 2403; x_wconf 81' lang='lat' dir='ltr'><strong>recentiores</strong></span> <span class='ocrx_word' id='word_1_215' title='bbox 389 2356 457 2418; x_wconf 88' lang='lat' dir='ltr'><strong>[cnm</strong></span> <span class='ocrx_word' id='word_1_216' title='bbox 470 2354 579 2418; x_wconf 80' lang='lat' dir='ltr'><strong>Byclrio,</strong></span> <span class='ocrx_word' id='word_1_217' title='bbox 592 2354 706 2405; x_wconf 80' lang='lat' dir='ltr'><strong>Gronov.</strong></span> <span class='ocrx_word' id='word_1_218' title='bbox 717 2363 747 2405; x_wconf 88' lang='lat' dir='ltr'><strong>et</strong></span> <span class='ocrx_word' id='word_1_219' title='bbox 757 2355 885 2418; x_wconf 87' lang='lat' dir='ltr'><strong>Brotier.]</strong></span> <span class='ocrx_word' id='word_1_220' title='bbox 917 2354 1025 2404; x_wconf 82' lang='lat' dir='ltr'><strong>Orosius</strong></span> <span class='ocrx_word' id='word_1_221' title='bbox 1036 2366 1148 2417; x_wconf 82' lang='lat' dir='ltr'><strong>quoque,</strong></span> <span class='ocrx_word' id='word_1_222' title='bbox 1158 2366 1179 2399; x_wconf 91' lang='grc' dir='ltr'><strong>ι.</strong></span> <span class='ocrx_word' id='word_1_223' title='bbox 1191 2356 1232 2399; x_wconf 86' lang='lat' dir='ltr'><strong>lt).</strong></span> <span class='ocrx_word' id='word_1_224' title='bbox 1243 2353 1327 2401; x_wconf 83' lang='lat' dir='ltr'><strong>habet</strong></span> 
     </span>
     <span class='ocr_line' id='line_1_26' title="bbox 218 2415 1327 2483; baseline -0.002 -17"><span class='ocrx_word' id='word_1_225' title='bbox 218 2419 268 2467; x_wconf 81' lang='lat' dir='ltr'><strong>sed.</strong></span> <span class='ocrx_word' id='word_1_226' title='bbox 302 2418 407 2467; x_wconf 81' lang='lat' dir='ltr'><strong>lnhlss.</strong></span> <span class='ocrx_word' id='word_1_227' title='bbox 420 2420 488 2467; x_wconf 84' lang='lat' dir='ltr'><strong>Flor.</strong></span> <span class='ocrx_word' id='word_1_228' title='bbox 501 2420 565 2481; x_wconf 75' lang='lat' dir='ltr'><strong>Reg.</strong></span> <span class='ocrx_word' id='word_1_229' title='bbox 578 2428 658 2483; x_wconf 85' lang='lat' dir='ltr'><strong>atque</strong></span> <span class='ocrx_word' id='word_1_230' title='bbox 674 2419 790 2468; x_wconf 86' lang='lat' dir='ltr'><strong>editione</strong></span> <span class='ocrx_word' id='word_1_231' title='bbox 808 2418 1088 2482; x_wconf 53' lang='lat' dir='ltr'><strong>principemtrtbinet.</strong></span> <span class='ocrx_word' id='word_1_232' title='bbox 1121 2416 1153 2464; x_wconf 88' lang='lat' dir='ltr'><strong>Iu</strong></span> <span class='ocrx_word' id='word_1_233' title='bbox 1172 2415 1225 2465; x_wconf 68' lang='grc' dir='ltr'><strong>Μι-</strong></span> <span class='ocrx_word' id='word_1_234' title='bbox 1243 2415 1327 2465; x_wconf 89' lang='lat' dir='ltr'><strong>Corb.</strong></span> 
     </span>
     <span class='ocr_line' id='line_1_27' title="bbox 219 2480 1330 2546; baseline -0.001 -16"><span class='ocrx_word' id='word_1_235' title='bbox 219 2481 358 2531; x_wconf 82' lang='lat' dir='ltr'><strong>niritinet.</strong></span> <span class='ocrx_word' id='word_1_236' title='bbox 393 2482 423 2532; x_wconf 92' lang='lat' dir='ltr'><strong>In</strong></span> <span class='ocrx_word' id='word_1_237' title='bbox 437 2484 487 2531; x_wconf 89' lang='lat' dir='ltr'><strong>Ms.</strong></span> <span class='ocrx_word' id='word_1_238' title='bbox 500 2481 562 2546; x_wconf 77' lang='lat' dir='ltr'><strong>Agr.</strong></span> <span class='ocrx_word' id='word_1_239' title='bbox 573 2488 599 2531; x_wconf 79' lang='lat' dir='ltr'><strong>at</strong></span> <span class='ocrx_word' id='word_1_240' title='bbox 610 2484 715 2533; x_wconf 79' lang='lat' dir='ltr'><strong>sibimet.</strong></span> <span class='ocrx_word' id='word_1_241' title='bbox 747 2484 868 2533; x_wconf 62' lang='lat' dir='ltr'><strong>&amp;cunda</strong></span> <span class='ocrx_word' id='word_1_242' title='bbox 884 2497 960 2532; x_wconf 87' lang='lat' dir='ltr'><strong>manu</strong></span> <span class='ocrx_word' id='word_1_243' title='bbox 978 2482 1005 2531; x_wconf 89' lang='lat' dir='ltr'><strong>in</strong></span> <span class='ocrx_word' id='word_1_244' title='bbox 1025 2482 1075 2530; x_wconf 93' lang='lat' dir='ltr'><strong>hoc</strong></span> <span class='ocrx_word' id='word_1_245' title='bbox 1093 2480 1185 2529; x_wconf 90' lang='lat' dir='ltr'><strong>codice</strong></span> <span class='ocrx_word' id='word_1_246' title='bbox 1203 2495 1283 2543; x_wconf 86' lang='lat' dir='ltr'><strong>super</strong></span> <span class='ocrx_word' id='word_1_247' title='bbox 1298 2482 1330 2529; x_wconf 75' lang='lat' dir='ltr'><strong>st</strong></span> 
     </span>
     <span class='ocr_line' id='line_1_28' title="bbox 220 2544 1325 2609; baseline 0 -15"><span class='ocrx_word' id='word_1_248' title='bbox 220 2548 363 2609; x_wconf 84' lang='lat' dir='ltr'><strong>ascriptum</strong></span> <span class='ocrx_word' id='word_1_249' title='bbox 380 2552 413 2597; x_wconf 84' lang='lat' dir='ltr'><strong>et.</strong></span> <span class='ocrx_word' id='word_1_250' title='bbox 448 2547 528 2596; x_wconf 84' lang='lat' dir='ltr'><strong>Forte</strong></span> <span class='ocrx_word' id='word_1_251' title='bbox 540 2554 627 2597; x_wconf 86' lang='lat' dir='ltr'><strong>antem</strong></span> <span class='ocrx_word' id='word_1_252' title='bbox 638 2546 769 2603; x_wconf 83' lang='lat' dir='ltr'><strong>redundat</strong></span> <span class='ocrx_word' id='word_1_253' title='bbox 779 2553 814 2598; x_wconf 83' lang='lat' dir='ltr'><strong>at.</strong></span> <span class='ocrx_word' id='word_1_254' title='bbox 847 2547 930 2597; x_wconf 80' lang='lat' dir='ltr'><strong>Abest</strong></span> <span class='ocrx_word' id='word_1_255' title='bbox 941 2546 1009 2596; x_wconf 89' lang='lat' dir='ltr'><strong>enlm</strong></span> <span class='ocrx_word' id='word_1_256' title='bbox 1022 2561 1037 2593; x_wconf 85' lang='lat' dir='ltr'><strong>a</strong></span> <span class='ocrx_word' id='word_1_257' title='bbox 1049 2546 1113 2594; x_wconf 78' lang='lat' dir='ltr'><strong>Mas.</strong></span> <span class='ocrx_word' id='word_1_258' title='bbox 1126 2545 1191 2605; x_wconf 74' lang='lat' dir='ltr'><strong>lieg.</strong></span> <span class='ocrx_word' id='word_1_259' title='bbox 1203 2544 1283 2593; x_wconf 88' lang='lat' dir='ltr'><strong>Corb.</strong></span> <span class='ocrx_word' id='word_1_260' title='bbox 1293 2554 1325 2594; x_wconf 85' lang='lat' dir='ltr'><strong>et</strong></span> 
     </span>
     <span class='ocr_line' id='line_1_29' title="bbox 220 2608 1330 2675; baseline -0.002 -17"><span class='ocrx_word' id='word_1_261' title='bbox 220 2610 337 2659; x_wconf 82' lang='lat' dir='ltr'><strong>editione</strong></span> <span class='ocrx_word' id='word_1_262' title='bbox 358 2612 483 2675; x_wconf 83' lang='lat' dir='ltr'><strong>principe.</strong></span> <span class='ocrx_word' id='word_1_263' title='bbox 519 2612 576 2661; x_wconf 85' lang='lat' dir='ltr'><strong>Nec</strong></span> <span class='ocrx_word' id='word_1_264' title='bbox 597 2612 660 2660; x_wconf 88' lang='lat' dir='ltr'><strong>illud</strong></span> <span class='ocrx_word' id='word_1_265' title='bbox 679 2612 776 2661; x_wconf 84' lang='lat' dir='ltr'><strong>habent</strong></span> <span class='ocrx_word' id='word_1_266' title='bbox 794 2612 903 2661; x_wconf 83' lang='lat' dir='ltr'><strong>Orosius</strong></span> <span class='ocrx_word' id='word_1_267' title='bbox 923 2618 952 2660; x_wconf 86' lang='lat' dir='ltr'><strong>ct</strong></span> <span class='ocrx_word' id='word_1_268' title='bbox 972 2608 1042 2658; x_wconf 92' lang='lat' dir='ltr'><strong>Otho</strong></span> <span class='ocrx_word' id='word_1_269' title='bbox 1060 2608 1242 2670; x_wconf 77' lang='lat' dir='ltr'><strong>Frisingensir‚</strong></span> <span class='ocrx_word' id='word_1_270' title='bbox 1261 2622 1330 2673; x_wconf 82' lang='lat' dir='ltr'><strong>quoa</strong></span> 
     </span>
     <span class='ocr_line' id='line_1_30' title="bbox 219 2672 1330 2737; baseline -0.003 -14"><span class='ocrx_word' id='word_1_271' title='bbox 219 2674 281 2724; x_wconf 80' lang='lat' dir='ltr'><strong>rlde</strong></span> <span class='ocrx_word' id='word_1_272' title='bbox 301 2676 370 2725; x_wconf 88' lang='lat' dir='ltr'><strong>inter</strong></span> <span class='ocrx_word' id='word_1_273' title='bbox 387 2675 687 2725; x_wconf 86' lang='lat' dir='ltr'><strong>TestimoniaVeternm.</strong></span> <span class='ocrx_word' id='word_1_274' title='bbox 723 2676 840 2725; x_wconf 77' lang='lat' dir='ltr'><strong>schelius</strong></span> <span class='ocrx_word' id='word_1_275' title='bbox 859 2674 1024 2737; x_wconf 72' lang='lat' dir='ltr'><strong>emendabat,</strong></span> <span class='ocrx_word' id='word_1_276' title='bbox 1041 2676 1147 2722; x_wconf 72' lang='lat' dir='ltr'><strong>admi</strong></span> <span class='ocrx_word' id='word_1_277' title='bbox 1166 2672 1276 2721; x_wconf 66' lang='lat' dir='ltr'><strong>anam.-</strong></span> <span class='ocrx_word' id='word_1_278' title='bbox 1299 2676 1330 2721; x_wconf 75' lang='lat' dir='ltr'><strong>ut</strong></span> 
     </span>
     <span class='ocr_line' id='line_1_31' title="bbox 220 2737 1332 2803; baseline -0.004 -14"><span class='ocrx_word' id='word_1_279' title='bbox 220 2738 275 2789; x_wconf 74' lang='lat' dir='ltr'><strong>duci</strong></span> <span class='ocrx_word' id='word_1_280' title='bbox 285 2740 373 2789; x_wconf 68' lang='lat' dir='ltr'><strong>musti</strong></span> <span class='ocrx_word' id='word_1_281' title='bbox 382 2741 511 2801; x_wconf 70' lang='lat' dir='ltr'><strong>mmmm,</strong></span> <span class='ocrx_word' id='word_1_282' title='bbox 520 2740 599 2803; x_wconf 76' lang='lat' dir='ltr'><strong>primo</strong></span> <span class='ocrx_word' id='word_1_283' title='bbox 607 2741 680 2801; x_wconf 72' lang='lat' dir='ltr'><strong>cujas.</strong></span> <span class='ocrx_word' id='word_1_284' title='bbox 707 2741 766 2790; x_wconf 89' lang='lat' dir='ltr'><strong>Nec</strong></span> <span class='ocrx_word' id='word_1_285' title='bbox 777 2741 854 2789; x_wconf 84' lang='lat' dir='ltr'><strong>aliter</strong></span> <span class='ocrx_word' id='word_1_286' title='bbox 864 2740 891 2790; x_wconf 86' lang='lat' dir='ltr'><strong>J.</strong></span> <span class='ocrx_word' id='word_1_287' title='bbox 905 2740 933 2788; x_wconf 78' lang='lat' dir='ltr'><strong>F.</strong></span> <span class='ocrx_word' id='word_1_288' title='bbox 942 2738 1091 2788; x_wconf 81' lang='lat' dir='ltr'><strong>Gronovius</strong></span> <span class='ocrx_word' id='word_1_289' title='bbox 1102 2744 1129 2785; x_wconf 84' lang='lat' dir='ltr'><strong>et</strong></span> <span class='ocrx_word' id='word_1_290' title='bbox 1140 2737 1181 2786; x_wconf 86' lang='lat' dir='ltr'><strong>Cl.</strong></span> <span class='ocrx_word' id='word_1_291' title='bbox 1192 2738 1332 2799; x_wconf 84' lang='lat' dir='ltr'><strong>Ernestut,</strong></span> 
     </span>
     <span class='ocr_line' id='line_1_32' title="bbox 222 2798 1331 2869; baseline -0.003 -16"><span class='ocrx_word' id='word_1_292' title='bbox 222 2804 267 2869; x_wconf 89' lang='lat' dir='ltr'><strong>qui</strong></span> <span class='ocrx_word' id='word_1_293' title='bbox 277 2804 370 2854; x_wconf 73' lang='lat' dir='ltr'><strong>sibimet</strong></span> <span class='ocrx_word' id='word_1_294' title='bbox 380 2804 413 2853; x_wconf 84' lang='lat' dir='ltr'><strong>ad</strong></span> <span class='ocrx_word' id='word_1_295' title='bbox 424 2802 550 2865; x_wconf 61' lang='lat' dir='ltr'><strong>,ludaom</strong></span> <span class='ocrx_word' id='word_1_296' title='bbox 571 2805 649 2868; x_wconf 82' lang='lat' dir='ltr'><strong>prino</strong></span> <span class='ocrx_word' id='word_1_297' title='bbox 659 2804 726 2865; x_wconf 68' lang='lat' dir='ltr'><strong>crim</strong></span> <span class='ocrx_word' id='word_1_298' title='bbox 736 2806 770 2854; x_wconf 82' lang='lat' dir='ltr'><strong>ad</strong></span> <span class='ocrx_word' id='word_1_299' title='bbox 785 2806 900 2869; x_wconf 80' lang='lat' dir='ltr'><strong>quemvis</strong></span> <span class='ocrx_word' id='word_1_300' title='bbox 911 2802 1071 2866; x_wconf 67' lang='lat' dir='ltr'><strong>doricorum,</strong></span> <span class='ocrx_word' id='word_1_301' title='bbox 1081 2802 1126 2865; x_wconf 85' lang='lat' dir='ltr'><strong>qui</strong></span> <span class='ocrx_word' id='word_1_302' title='bbox 1137 2802 1175 2851; x_wconf 82' lang='lat' dir='ltr'><strong>cla</strong></span> <span class='ocrx_word' id='word_1_303' title='bbox 1185 2815 1263 2864; x_wconf 88' lang='lat' dir='ltr'><strong>opem</strong></span> <span class='ocrx_word' id='word_1_304' title='bbox 1274 2798 1331 2850; x_wconf 84' lang='lat' dir='ltr'><strong>ser·</strong></span> 
     </span>
    </p>
   </div>
   <div class='ocr_carea' id='block_1_6' title="bbox 716 2953 827 3005">
    <p class='ocr_par' dir='ltr' id='par_1_7' title="bbox 716 2953 827 3005">
     <span class='ocr_line' id='line_1_33' title="bbox 716 2953 827 3005; baseline -0.009 -1"><span class='ocrx_word' id='word_1_305' title='bbox 716 2953 827 3005; x_wconf 82' lang='lat' dir='ltr'><strong>NOTAE</strong></span> 
     </span>
    </p>
   </div>
   <div class='ocr_carea' id='block_1_7' title="bbox 164 3062 1337 4200">
    <p class='ocr_par' dir='ltr' id='par_1_8' title="bbox 164 3062 1337 4200">
     <span class='ocr_line' id='line_1_34' title="bbox 220 3062 1330 3128; baseline 0 -17"><span class='ocrx_word' id='word_1_306' title='bbox 220 3062 290 3125; x_wconf 64' lang='grc' dir='ltr'><strong>Λόγῳ</strong></span> <span class='ocrx_word' id='word_1_307' title='bbox 307 3064 469 3128; x_wconf 68' lang='lat' dir='ltr'><strong>emerammi.</strong></span> <span class='ocrx_word' id='word_1_308' title='bbox 504 3062 634 3125; x_wconf 81' lang='lat' dir='ltr'><strong>bismait,</strong></span> <span class='ocrx_word' id='word_1_309' title='bbox 653 3066 754 3116; x_wconf 83' lang='lat' dir='ltr'><strong>‘Quar-</strong></span> <span class='ocrx_word' id='word_1_310' title='bbox 826 3072 838 3098; x_wconf 80' lang='lat'><strong>¹¹</strong></span> <span class='ocrx_word' id='word_1_311' title='bbox 861 3064 1014 3126; x_wconf 74' lang='lat' dir='ltr'><strong>Hammonis]</strong></span> <span class='ocrx_word' id='word_1_312' title='bbox 1046 3062 1175 3111; x_wconf 85' lang='lat' dir='ltr'><strong>Hammon</strong></span> <span class='ocrx_word' id='word_1_313' title='bbox 1202 3062 1330 3125; x_wconf 86' lang='lat' dir='ltr'><strong>templum</strong></span> 
     </span>
     <span class='ocr_line' id='line_1_35' title="bbox 222 3136 1332 3204; baseline -0.003 -13"><span class='ocrx_word' id='word_1_314' title='bbox 222 3146 277 3191; x_wconf 83' lang='lat' dir='ltr'><strong>tum</strong></span> <span class='ocrx_word' id='word_1_315' title='bbox 294 3154 357 3189; x_wconf 80' lang='lat' dir='ltr'><strong>vero</strong></span> <span class='ocrx_word' id='word_1_316' title='bbox 376 3139 466 3189; x_wconf 90' lang='lat' dir='ltr'><strong>dicunt</strong></span> <span class='ocrx_word' id='word_1_317' title='bbox 482 3139 655 3204; x_wconf 78' lang='lat' dir='ltr'><strong>legislatorem</strong></span> <span class='ocrx_word' id='word_1_318' title='bbox 674 3138 754 3191; x_wconf 80' lang='lat' dir='ltr'><strong>foisse</strong></span> <span class='ocrx_word' id='word_1_319' title='bbox 794 3140 987 3190; x_wconf 70' lang='lat' dir='ltr'><strong>Hammoniaca</strong></span> <span class='ocrx_word' id='word_1_320' title='bbox 999 3138 1112 3202; x_wconf 74' lang='lat' dir='ltr'><strong>regionis</strong></span> <span class='ocrx_word' id='word_1_321' title='bbox 1123 3136 1240 3201; x_wconf 87' lang='lat' dir='ltr'><strong>minoris,</strong></span> <span class='ocrx_word' id='word_1_322' title='bbox 1249 3138 1276 3187; x_wconf 90' lang='lat' dir='ltr'><strong>iu</strong></span> <span class='ocrx_word' id='word_1_323' title='bbox 1287 3138 1332 3188; x_wconf 90' lang='lat' dir='ltr'><strong>Li·</strong></span> 
     </span>
     <span class='ocr_line' id='line_1_36' title="bbox 222 3214 1214 3281; baseline -0.003 -16"><span class='ocrx_word' id='word_1_324' title='bbox 222 3216 375 3267; x_wconf 84' lang='lat' dir='ltr'><strong>Bocchorim</strong></span> <span class='ocrx_word' id='word_1_325' title='bbox 392 3230 479 3279; x_wconf 80' lang='lat' dir='ltr'><strong>regem</strong></span> <span class='ocrx_word' id='word_1_326' title='bbox 510 3216 638 3281; x_wconf 87' lang='lat' dir='ltr'><strong>quendam</strong></span> <span class='ocrx_word' id='word_1_327' title='bbox 654 3217 755 3279; x_wconf 87' lang='lat' dir='ltr'><strong>sapien·</strong></span> <span class='ocrx_word' id='word_1_328' title='bbox 795 3214 1056 3280; x_wconf 80' lang='lat' dir='ltr'><strong>byapropriodicta.</strong></span> <span class='ocrx_word' id='word_1_329' title='bbox 1093 3214 1214 3263; x_wconf 70' lang='lat' dir='ltr'><strong>litlanton.</strong></span> 
     </span>
     <span class='ocr_line' id='line_1_37' title="bbox 222 3278 1332 3357; baseline -0.002 -14"><span class='ocrx_word' id='word_1_330' title='bbox 222 3298 318 3351; x_wconf 70' lang='lat' dir='ltr'><strong>temer</strong></span> <span class='ocrx_word' id='word_1_331' title='bbox 326 3300 385 3342; x_wconf 87' lang='lat' dir='ltr'><strong>astu</strong></span> <span class='ocrx_word' id='word_1_332' title='bbox 392 3306 422 3343; x_wconf 92' lang='lat' dir='ltr'><strong>ac</strong></span> <span class='ocrx_word' id='word_1_333' title='bbox 431 3291 534 3342; x_wconf 84' lang='lat' dir='ltr'><strong>vafritie</strong></span> <span class='ocrx_word' id='word_1_334' title='bbox 543 3292 756 3357; x_wconf 68' lang='lat' dir='ltr'><strong>praecellentem!</strong></span> <span class='ocrx_word' id='word_1_335' title='bbox 827 3300 839 3325; x_wconf 73' lang='lat' dir='ltr'>v</span> <span class='ocrx_word' id='word_1_336' title='bbox 856 3278 984 3356; x_wconf 70' lang='lat' dir='ltr'><strong>Postquain</strong></span> <span class='ocrx_word' id='word_1_337' title='bbox 995 3291 1146 3356; x_wconf 68' lang='lat' dir='ltr'><strong>manns]</strong></span> <span class='ocrx_word' id='word_1_338' title='bbox 1162 3292 1268 3352; x_wconf 86' lang='lat' dir='ltr'><strong>Mirum,</strong></span> <span class='ocrx_word' id='word_1_339' title='bbox 1278 3305 1332 3341; x_wconf 90' lang='lat' dir='ltr'><strong>nou</strong></span> 
     </span>
     <span class='ocr_line' id='line_1_38' title="bbox 164 3366 1333 3431; baseline 0.003 -18"><span class='ocrx_word' id='word_1_340' title='bbox 164 3404 169 3413; x_wconf 90' lang='lat'>.</span> <span class='ocrx_word' id='word_1_341' title='bbox 255 3368 341 3416; x_wconf 84' lang='lat' dir='ltr'><strong>Etiam</strong></span> <span class='ocrx_word' id='word_1_342' title='bbox 357 3368 466 3417; x_wconf 86' lang='lat' dir='ltr'><strong>Orosius</strong></span> <span class='ocrx_word' id='word_1_343' title='bbox 485 3368 581 3419; x_wconf 86' lang='lat' dir='ltr'><strong>libror.</strong></span> <span class='ocrx_word' id='word_1_344' title='bbox 600 3370 755 3417; x_wconf 87' lang='lat' dir='ltr'><strong>Bocchorim</strong></span> <span class='ocrx_word' id='word_1_345' title='bbox 797 3368 893 3418; x_wconf 85' lang='lat' dir='ltr'><strong>addere</strong></span> <span class='ocrx_word' id='word_1_346' title='bbox 906 3368 1105 3431; x_wconf 84' lang='lat' dir='ltr'><strong>eom,quibnsin</strong></span> <span class='ocrx_word' id='word_1_347' title='bbox 1115 3368 1187 3415; x_wconf 87' lang='lat' dir='ltr'><strong>locis.</strong></span> <span class='ocrx_word' id='word_1_348' title='bbox 1221 3366 1333 3417; x_wconf 76' lang='lat' dir='ltr'><strong>Arsene</strong></span> 
     </span>
     <span class='ocr_line' id='line_1_39' title="bbox 223 3424 1335 3508; baseline -0.002 -15"><span class='ocrx_word' id='word_1_349' title='bbox 223 3442 350 3506; x_wconf 84' lang='lat' dir='ltr'><strong>appellat,</strong></span> <span class='ocrx_word' id='word_1_350' title='bbox 361 3450 390 3492; x_wconf 88' lang='lat' dir='ltr'><strong>nt</strong></span> <span class='ocrx_word' id='word_1_351' title='bbox 402 3450 429 3492; x_wconf 91' lang='lat' dir='ltr'><strong>et</strong></span> <span class='ocrx_word' id='word_1_352' title='bbox 442 3444 593 3493; x_wconf 86' lang='lat' dir='ltr'><strong>Plutarchus</strong></span> <span class='ocrx_word' id='word_1_353' title='bbox 606 3424 692 3493; x_wconf 77' lang='lat' dir='ltr'><strong>libello</strong></span> <span class='ocrx_word' id='word_1_354' title='bbox 704 3444 757 3508; x_wconf 72' lang='grc' dir='ltr'><strong>περὶ</strong></span> <span class='ocrx_word' id='word_1_355' title='bbox 797 3458 830 3492; x_wconf 86' lang='lat' dir='ltr'><strong>ex</strong></span> <span class='ocrx_word' id='word_1_356' title='bbox 851 3444 1011 3493; x_wconf 81' lang='lat' dir='ltr'><strong>&#39;l&#39;ertnlliano</strong></span> <span class='ocrx_word' id='word_1_357' title='bbox 1040 3444 1176 3507; x_wconf 77' lang='lat' dir='ltr'><strong>legendum</strong></span> <span class='ocrx_word' id='word_1_358' title='bbox 1202 3442 1335 3503; x_wconf 84' lang='lat' dir='ltr'><strong>rideatur,</strong></span> 
     </span>
     <span class='ocr_line' id='line_1_40' title="bbox 222 3516 1335 3583; baseline -0.002 -14"><span class='ocrx_word' id='word_1_359' title='bbox 222 3518 346 3569; x_wconf 65' lang='lat' dir='ltr'><strong>amane.</strong></span> <span class='ocrx_word' id='word_1_360' title='bbox 379 3518 472 3583; x_wconf 86' lang='lat' dir='ltr'><strong>ltaque</strong></span> <span class='ocrx_word' id='word_1_361' title='bbox 486 3520 546 3583; x_wconf 88' lang='lat' dir='ltr'><strong>jure</strong></span> <span class='ocrx_word' id='word_1_362' title='bbox 563 3520 671 3571; x_wconf 79' lang='lat' dir='ltr'><strong>vacillo:</strong></span> <span class='ocrx_word' id='word_1_363' title='bbox 696 3536 756 3571; x_wconf 90' lang='lat' dir='ltr'><strong>nam</strong></span> <span class='ocrx_word' id='word_1_364' title='bbox 797 3522 870 3569; x_wconf 79' lang='lat' dir='ltr'><strong>curtis</strong></span> <span class='ocrx_word' id='word_1_365' title='bbox 886 3518 984 3569; x_wconf 70' lang='lat' dir='ltr'><strong>Arabia</strong></span> <span class='ocrx_word' id='word_1_366' title='bbox 1001 3518 1065 3567; x_wconf 80' lang='lat' dir='ltr'><strong>loris.</strong></span> <span class='ocrx_word' id='word_1_367' title='bbox 1100 3517 1126 3566; x_wconf 89' lang='lat' dir='ltr'><strong>ls</strong></span> <span class='ocrx_word' id='word_1_368' title='bbox 1145 3518 1214 3567; x_wconf 86' lang='lat' dir='ltr'><strong>eninr</strong></span> <span class='ocrx_word' id='word_1_369' title='bbox 1234 3516 1335 3581; x_wconf 78' lang='lat' dir='ltr'><strong>Apolo-</strong></span> 
     </span>
     <span class='ocr_line' id='line_1_41' title="bbox 225 3594 1334 3662; baseline -0.003 -15"><span class='ocrx_word' id='word_1_370' title='bbox 225 3596 345 3647; x_wconf 83' lang='lat' dir='ltr'><strong>Clemens</strong></span> <span class='ocrx_word' id='word_1_371' title='bbox 363 3596 491 3644; x_wconf 60' lang='lat' dir='ltr'><strong>Sironem</strong></span> <span class='ocrx_word' id='word_1_372' title='bbox 511 3596 757 3661; x_wconf 80' lang='lat' dir='ltr'><strong>Omusirnbunc,rel</strong></span> <span class='ocrx_word' id='word_1_373' title='bbox 797 3598 883 3662; x_wconf 78' lang='lat' dir='ltr'><strong>getico</strong></span> <span class='ocrx_word' id='word_1_374' title='bbox 912 3606 1009 3656; x_wconf 84' lang='lat' dir='ltr'><strong>narrat,</strong></span> <span class='ocrx_word' id='word_1_375' title='bbox 1038 3595 1186 3645; x_wconf 86' lang='lat' dir='ltr'><strong>Cornelium</strong></span> <span class='ocrx_word' id='word_1_376' title='bbox 1212 3594 1334 3644; x_wconf 71' lang='lat' dir='ltr'><strong>melmin</strong></span> 
     </span>
     <span class='ocr_line' id='line_1_42' title="bbox 223 3670 1335 3739; baseline -0.003 -16"><span class='ocrx_word' id='word_1_377' title='bbox 223 3672 465 3735; x_wconf 78' lang='lat' dir='ltr'><strong>Amastmappellar.</strong></span> <span class='ocrx_word' id='word_1_378' title='bbox 545 3716 547 3723; x_wconf 84' lang='lat'><em>.</em></span> <span class='ocrx_word' id='word_1_379' title='bbox 797 3674 932 3739; x_wconf 82' lang='lat' dir='ltr'><strong>scripsisse</strong></span> <span class='ocrx_word' id='word_1_380' title='bbox 956 3678 982 3722; x_wconf 89' lang='lat' dir='ltr'><strong>in</strong></span> <span class='ocrx_word' id='word_1_381' title='bbox 1006 3672 1076 3722; x_wconf 80' lang='lat' dir='ltr'><strong>l-list.</strong></span> <span class='ocrx_word' id='word_1_382' title='bbox 1095 3686 1121 3722; x_wconf 79' lang='lat' dir='ltr'><strong>r.</strong></span> <span class='ocrx_word' id='word_1_383' title='bbox 1146 3671 1272 3722; x_wconf 76' lang='lat' dir='ltr'><strong>‘Judaos</strong></span> <span class='ocrx_word' id='word_1_384' title='bbox 1290 3670 1335 3720; x_wconf 71' lang='grc' dir='ltr'><strong>Ε·</strong></span> 
     </span>
     <span class='ocr_line' id='line_1_43' title="bbox 256 3748 1337 3814; baseline -0.002 -15"><span class='ocrx_word' id='word_1_385' title='bbox 256 3748 295 3799; x_wconf 82' lang='lat' dir='ltr'><strong>Ar</strong></span> <span class='ocrx_word' id='word_1_386' title='bbox 306 3749 374 3812; x_wconf 86' lang='lat' dir='ltr'><strong>qnod</strong></span> <span class='ocrx_word' id='word_1_387' title='bbox 393 3748 425 3797; x_wconf 88' lang='lat' dir='ltr'><strong>ad</strong></span> <span class='ocrx_word' id='word_1_388' title='bbox 447 3764 499 3797; x_wconf 90' lang='lat' dir='ltr'><strong>rem</strong></span> <span class='ocrx_word' id='word_1_389' title='bbox 518 3750 609 3813; x_wconf 87' lang='lat' dir='ltr'><strong>ipsam,</strong></span> <span class='ocrx_word' id='word_1_390' title='bbox 625 3750 689 3801; x_wconf 87' lang='lat' dir='ltr'><strong>falsa</strong></span> <span class='ocrx_word' id='word_1_391' title='bbox 706 3761 758 3813; x_wconf 86' lang='lat' dir='ltr'><strong>est,</strong></span> <span class='ocrx_word' id='word_1_392' title='bbox 798 3757 878 3814; x_wconf 69' lang='lat' dir='ltr'><strong>gypto</strong></span> <span class='ocrx_word' id='word_1_393' title='bbox 890 3749 1027 3813; x_wconf 87' lang='lat' dir='ltr'><strong>expeditos</strong></span> <span class='ocrx_word' id='word_1_394' title='bbox 1038 3750 1092 3798; x_wconf 85' lang='lat' dir='ltr'><strong>sire</strong></span> <span class='ocrx_word' id='word_1_395' title='bbox 1103 3748 1267 3808; x_wconf 70' lang='lat' dir='ltr'><strong>extorres‚iu</strong></span> <span class='ocrx_word' id='word_1_396' title='bbox 1277 3762 1337 3797; x_wconf 84' lang='lat' dir='ltr'><strong>ras·</strong></span> 
     </span>
     <span class='ocr_line' id='line_1_44' title="bbox 225 3822 1334 3889; baseline -0.005 -12"><span class='ocrx_word' id='word_1_397' title='bbox 225 3824 546 3877; x_wconf 80' lang='lat' dir='ltr'><strong>etrefellunrlilrrisacri.</strong></span> <span class='ocrx_word' id='word_1_398' title='bbox 584 3828 759 3879; x_wconf 84' lang='lat' dir='ltr'><strong>&#39;l&#39;amensurn-</strong></span> <span class='ocrx_word' id='word_1_399' title='bbox 799 3828 833 3877; x_wconf 88' lang='lat' dir='ltr'><strong>tis</strong></span> <span class='ocrx_word' id='word_1_400' title='bbox 858 3827 962 3877; x_wconf 77' lang='lat' dir='ltr'><strong>Arabiae</strong></span> <span class='ocrx_word' id='word_1_401' title='bbox 985 3826 1049 3875; x_wconf 86' lang='lat' dir='ltr'><strong>locis</strong></span> <span class='ocrx_word' id='word_1_402' title='bbox 1071 3840 1193 3889; x_wconf 87' lang='lat' dir='ltr'><strong>aquarum</strong></span> <span class='ocrx_word' id='word_1_403' title='bbox 1216 3822 1334 3887; x_wconf 73' lang='lat' dir='ltr'><strong>egenos,&#39;</strong></span> 
     </span>
     <span class='ocr_line' id='line_1_45' title="bbox 225 3901 1336 3967; baseline -0.004 -14"><span class='ocrx_word' id='word_1_404' title='bbox 225 3903 262 3953; x_wconf 87' lang='lat' dir='ltr'><strong>sit</strong></span> <span class='ocrx_word' id='word_1_405' title='bbox 271 3903 327 3952; x_wconf 68' lang='lat' dir='ltr'><strong>bec</strong></span> <span class='ocrx_word' id='word_1_406' title='bbox 338 3902 444 3951; x_wconf 79' lang='lat' dir='ltr'><strong>Tacitus</strong></span> <span class='ocrx_word' id='word_1_407' title='bbox 464 3918 479 3951; x_wconf 88' lang='lat' dir='ltr'><strong>a</strong></span> <span class='ocrx_word' id='word_1_408' title='bbox 500 3904 657 3967; x_wconf 81' lang='lat' dir='ltr'><strong>Lysimacho,</strong></span> <span class='ocrx_word' id='word_1_409' title='bbox 669 3906 705 3955; x_wconf 91' lang='lat' dir='ltr'><strong>uti</strong></span> <span class='ocrx_word' id='word_1_410' title='bbox 723 3908 759 3956; x_wconf 85' lang='lat' dir='ltr'><strong>vi·</strong></span> <span class='ocrx_word' id='word_1_411' title='bbox 799 3910 848 3955; x_wconf 71' lang='lat' dir='ltr'><strong>dcc.</strong></span> <span class='ocrx_word' id='word_1_412' title='bbox 883 3902 974 3953; x_wconf 69' lang='lat' dir='ltr'><strong>Orosio</strong></span> <span class='ocrx_word' id='word_1_413' title='bbox 985 3910 1071 3951; x_wconf 79' lang='lat' dir='ltr'><strong>tamen</strong></span> <span class='ocrx_word' id='word_1_414' title='bbox 1081 3916 1130 3951; x_wconf 91' lang='lat' dir='ltr'><strong>uon</strong></span> <span class='ocrx_word' id='word_1_415' title='bbox 1140 3902 1217 3949; x_wconf 82' lang='lat' dir='ltr'><strong>aliter</strong></span> <span class='ocrx_word' id='word_1_416' title='bbox 1226 3901 1336 3963; x_wconf 84' lang='lat' dir='ltr'><strong>lectum,</strong></span> 
     </span>
     <span class='ocr_line' id='line_1_46' title="bbox 224 3976 1336 4046; baseline -0.003 -18"><span class='ocrx_word' id='word_1_417' title='bbox 224 3978 288 4029; x_wconf 87' lang='lat' dir='ltr'><strong>dere</strong></span> <span class='ocrx_word' id='word_1_418' title='bbox 306 3986 382 4042; x_wconf 87' lang='lat' dir='ltr'><strong>potes</strong></span> <span class='ocrx_word' id='word_1_419' title='bbox 408 3978 477 4043; x_wconf 83' lang='lat' dir='ltr'><strong>apud</strong></span> <span class='ocrx_word' id='word_1_420' title='bbox 504 3980 647 4045; x_wconf 85' lang='lat' dir='ltr'><strong>Joscplmm</strong></span> <span class='ocrx_word' id='word_1_421' title='bbox 667 3991 761 4035; x_wconf 87' lang='lat' dir='ltr'><strong>contra</strong></span> <span class='ocrx_word' id='word_1_422' title='bbox 799 3997 876 4046; x_wconf 87' lang='lat' dir='ltr'><strong>quarn</strong></span> <span class='ocrx_word' id='word_1_423' title='bbox 888 3981 967 4029; x_wconf 84' lang='lat' dir='ltr'><strong>nostri</strong></span> <span class='ocrx_word' id='word_1_424' title='bbox 978 3978 1037 4028; x_wconf 88' lang='lat' dir='ltr'><strong>libri</strong></span> <span class='ocrx_word' id='word_1_425' title='bbox 1049 3976 1199 4039; x_wconf 73' lang='lat' dir='ltr'><strong>proferunt.</strong></span> <span class='ocrx_word' id='word_1_426' title='bbox 1227 3976 1336 4039; x_wconf 66' lang='lat' dir='ltr'><strong>upa-s.</strong></span> 
     </span>
     <span class='ocr_line' id='line_1_47' title="bbox 227 4050 1334 4119; baseline 0.001 -16"><span class='ocrx_word' id='word_1_427' title='bbox 227 4052 365 4117; x_wconf 71' lang='lat' dir='ltr'><strong>Apionem</strong></span> <span class='ocrx_word' id='word_1_428' title='bbox 383 4054 429 4104; x_wconf 85' lang='lat' dir='ltr'><strong>lih.</strong></span> <span class='ocrx_word' id='word_1_429' title='bbox 450 4068 470 4104; x_wconf 91' lang='lat' dir='ltr'><strong>r.</strong></span> <span class='ocrx_word' id='word_1_430' title='bbox 490 4066 616 4119; x_wconf 85' lang='lat' dir='ltr'><strong>extremo,</strong></span> <span class='ocrx_word' id='word_1_431' title='bbox 634 4058 678 4108; x_wconf 89' lang='lat' dir='ltr'><strong>ubl</strong></span> <span class='ocrx_word' id='word_1_432' title='bbox 697 4060 760 4111; x_wconf 88' lang='lat' dir='ltr'><strong>item</strong></span> <span class='ocrx_word' id='word_1_433' title='bbox 831 4064 848 4089; x_wconf 75' lang='lat'>&#39;</span> <span class='ocrx_word' id='word_1_434' title='bbox 865 4053 1135 4116; x_wconf 68' lang='lat' dir='ltr'><strong>Primocrjarmxilio]</strong></span> <span class='ocrx_word' id='word_1_435' title='bbox 1167 4054 1240 4102; x_wconf 78' lang='lat' dir='ltr'><strong>Citat</strong></span> <span class='ocrx_word' id='word_1_436' title='bbox 1254 4050 1334 4101; x_wconf 79' lang='lat' dir='ltr'><strong>etim</strong></span> 
     </span>
     <span class='ocr_line' id='line_1_48' title="bbox 226 4130 1336 4200; baseline -0.005 -16"><span class='ocrx_word' id='word_1_437' title='bbox 226 4130 511 4195; x_wconf 72' lang='lat' dir='ltr'><strong>scriptumrroeerorn.</strong></span> <span class='ocrx_word' id='word_1_438' title='bbox 544 4134 654 4200; x_wconf 81' lang='lat' dir='ltr'><strong>Lipsius.</strong></span> <span class='ocrx_word' id='word_1_439' title='bbox 800 4134 968 4186; x_wconf 85' lang='lat' dir='ltr'><strong>ita0rosios:</strong></span> <span class='ocrx_word' id='word_1_440' title='bbox 985 4130 1336 4195; x_wconf 69' lang='lat' dir='ltr'><strong>amblgormeaetcoamr,</strong></span> 
     </span>
    </p>
   </div>
   <div class='ocr_carea' id='block_1_8' title="bbox 0 0 1493 4742">
    <p class='ocr_par' dir='ltr' id='par_1_9' title="bbox 0 0 1493 4742">
     <span class='ocr_line' id='line_1_49' title="bbox 0 0 1493 4742; baseline 0 0"><span class='ocrx_word' id='word_1_441' title='bbox 0 0 1493 4742; x_wconf 95' lang='lat' dir='ltr'><strong> </strong></span> 
     </span>
    </p>
   </div>
  </div>
 </body>
</html>
