2925 4742
199 263 287 336 2858
545 285 576 333 o.
599 281 781 332 consumi
804 283 931 332 nncrm
1135 283 1308 353 [mttere.

201 447 328 497 comem
351 447 391 494 so
426 427 633 510 magnificum
663 427 835 504 militibus,
857 431 1009 491 ostentet.
1067 425 1192 492 Versus
1221 429 1307 493 illuc

200 531 347 594 omnium
369 535 515 606 mentes,⁵
541 529 620 593 dum
635 528 805 604 Vitellius,
827 529 1009 591 amicorum
1031 529 1308 613 inimicorumque

201 629 387 712 negligens,‘
410 631 536 695 loveet⁷
558 631 742 707 aemulum,¹¹
764 629 934 712 Principis
956 630 1129 695 laboresle
1145 628 1308 694 convivio

201 736 477 814 prospectentcm.
523 730 742 795 Reddendum
762 749 824 813 pro
839 731 1071 814 intempestiva
1084 730 1202 795 laetitia
1217 751 1307 796 rnoe·

202 837 285 895 stom
299 837 333 895 ct
346 831 512 896 funebrem
526 837 691 909 noctem,w
715 851 782 914 qus
795 830 883 894 sciat
906 835 941 894 et
963 831 1095 909 sentiat,
1115 831 1227 895 vivere
1240 829 1309 894 Vi*

201 931 330 996 tellium
343 938 375 997 ct
389 934 560 1016 imperare,
576 938 619 1010 et,
640 933 668 997 si
683 932 765 1016 qnid
779 931 849 997 fsto
865 930 1024 1009 occidet,8
1037 929 1145 997 filium
1158 929 1309 996 habere?

203 1111 325 1164 exhibeat
342 1128 370 1163 se
388 1113 512 1164 militibus
528 1115 680 1178 popularem
697 1120 725 1164 et
736 1113 908 1178 magnificum.
941 1113 1114 1164 Pronosillnc
1124 1113 1236 1164 omniunt
1249 1114 1308 1164 sni·

202 1191 267 1239 mus,
278 1176 338 1226 dum
349 1177 471 1228 Vitellius
483 1179 622 1228 suricomm
634 1175 842 1243 infensorumque
853 1177 1008 1240 incuriosus,
1025 1178 1122 1229 tolerat
1131 1178 1246 1241 moelem,
1259 1178 1308 1243 qni

202 1241 373 1305 Imperatoris
390 1243 507 1292 morbum
526 1255 559 1291 ex
576 1256 665 1291 mense
680 1248 708 1292 et
727 1242 812 1305 epulis
831 1242 968 1306 prospicit.
1001 1243 1055 1293 Pro
1075 1242 1170 1307 gaudio
1185 1242 1225 1291 illo
1236 1257 1309 1306 prae·

203 1311 308 1367 postero
320 1307 476 1357 reddendum
487 1307 510 1356 er'
521 1313 624 1356 noctem
640 1306 741 1356 tristem
759 1311 787 1356 et
805 1304 921 1371 feralem,
938 1321 990 1370 qus
1008 1306 1083 1368 scist,
1100 1320 1151 1370 que
1161 1312 1309 1383 cognoscet

204 1370 302 1431 spicere
312 1370 448 1421 Vitellium
460 1378 488 1422 et
498 1385 584 1420 rerum
602 1369 690 1435 potiri,
700 1379 738 1433 et,
749 1369 769 1421 sl
781 1370 842 1435 qnid
854 1371 1000 1421 humanitus
1009 1371 1153 1436 continget,
1161 1371 1211 1436 ipsr
1222 1369 1306 1420 lilium

203 1447 272 1484 088Εο

664 1535 843 1573 ooaeuoueu'o

332 1641 348 1687 t
365 1637 533 1704 Vulgofocet.
568 1637 836 1704 liipont.fooeret.·8
853 1614 906 1689 ils.
921 1637 1062 1698 Corbsuto
1073 1638 1175 1688 decidat.

705 1797 811 1849 NOTAE

205 1924 335 1974 cessrunt
344 1923 361 1974 ι’
379 1925 447 1989 qnod
465 1925 557 1976 falsum
570 1932 641 1989 puto.
675 1924 735 1975 Illic
775 1924 901 1975 ‘Caecins
921 1931 950 1977 et
969 1925 1095 1990 primores
1114 1924 1235 1989 partium,
1251 1925 1311 1988 jem

205 2003 305 2052 Bteesns
320 2002 405 2065 jsctrt
416 2009 516 2053 tentum
531 2003 638 2055 ‘Junios
654 2001 736 2052 Anto·
775 1999 910 2048 Vitellium
921 1998 1144 2063 espemsntes‚'in
1162 1999 1249 2048 Biaeso
1269 2013 1313 2046 re·

205 2078 313 2144 uiosqne
321 2078 401 2142 avos,'
413 2093 463 2129 non
476 2081 589 2130 Coesnces.
776 2081 923 2138 spexersot

238 2156 483 2220 serpstmpootota
502 2157 567 2206 sirmi
587 2157 628 2207 uic
647 2156 737 2220 tenet,
808 2150 843 2199 Et
862 2163 932 2216 ωερε
948 2148 1092 2212 observavi,
1111 2149 1212 2215 quoties
1229 2164 1244 2198 e
1262 2163 1313 2198 suo

206 2247 254 2294 pro
271 2245 342 2281 more
355 2231 451 2282 veteris
469 2231 637 2295 Reipublicae.
670 2234 736 2284 Ques
776 2239 845 2289 penu
856 2226 957 2290 profert
965 2227 1061 2292 aliquid
1072 2226 1218 2290 Interpres,
1229 2227 1312 2276 toties

206 2313 292 2356 temen
317 2321 416 2355 stimma
437 2306 572 2370 dispositio
593 2307 625 2355 ed
648 2321 736 2370 cupre·
776 2299 1211 2353 feoessensnsnctorissberrsre.

207 2391 277 2428 mum
287 2377 428 2442 fastigium,
439 2394 484 2429 seu
497 2381 678 2444 principatum.
701 2382 737 2430 Et
808 2377 816 2408 ⁸
831 2375 968 2427 Amicorum
976 2378 1167 2440 bimimrssrpse
1176 2374 1313 2440 negligens]

207 2455 256 2504 lroc
276 2461 316 2504 est
334 2454 401 2518 quod
418 2456 553 2505 criminose
570 2456 611 2504 iric
623 2455 736 2520 objectu·
778 2453 836 2503 Hoc
847 2459 888 2503 est
899 2454 994 2504 emicos
1005 2460 1033 2504 et
1052 2455 1169 2504 inimicos
1188 2467 1240 2502 non
1257 2453 1313 2502 dis-

207 2530 354 2581 turBlaeso.
777 2543 895 2578 cernens.
913 2531 1027 2581 Pteleon
1060 2529 1239 2581 Qniiuimicos
1255 2542 1313 2577 non

239 2605 322 2670 Stirpe
342 2605 506 2670 imperatoris]
551 2606 611 2655 Non
632 2605 737 2670 proprie
777 2605 920 2669 ulciscitur,
929 2606 1003 2655 simul
1012 2613 1039 2655 et
1050 2606 1190 2656 amicornm
1198 2605 1312 2654 sulutem

206 2683 341 2748 principali,
375 2683 421 2732 sed
456 2683 619 2746 imperatorio,
654 2682 738 2731 veteri
777 2681 911 2746 negligere
921 2681 1033 2732 videtur.

206 2773 287 2821 more,
299 2773 349 2823 quo
366 2758 445 2808 duces
463 2758 622 2808 exercituum
638 2758 739 2820 impera·
809 2765 822 2791 ¹
839 2759 926 2808 Foecst
937 2759 1056 2822 mosum]
1088 2757 1149 2808 Non
1164 2756 1313 2821 beneficiis,

206 2839 269 2884 tores
285 2834 489 2898 appellabuntur.
523 2834 581 2883 Nec
597 2835 675 2882 aliter
692 2833 738 2882 cti·
779 2841 823 2882 sut
840 2833 937 2899 favore,
956 2841 986 2883 ut
1005 2841 1121 2885 vertunt.
1153 2832 1205 2884 Sed
1224 2831 1314 2882 foveri

207 2925 249 2960 nm
261 2909 387 2960 Antonius
398 2911 484 2960 vocari
499 2911 627 2972 imperator
637 2908 738 2970 debuit,
777 2909 873 2959 dicitnr
890 2912 997 2960 remulus
1014 2911 1126 2976 imperii,
1138 2911 1181 2974 qni
1195 2922 1247 2959 non
1259 2916 1314 2958 ste-

206 2985 272 3035 licet
282 2985 411 3034 Triumvir
422 2985 534 3048 Reipub.
549 2984 738 3033 constituendos
778 2987 824 3036 tIm
834 2988 1001 3037 subvertitur.

206 3058 296 3109 fuerit.
330 3059 449 3108 Nondum
462 3059 538 3121 plone
554 3059 738 3107 extincteerat
811 3063 912 3127 Faveas]
942 3064 1058 3126 Toleni,
1074 3061 1195 3127 proprie:
1213 3066 1242 3110 et
1259 3061 1312 3110 boc

208 3133 322 3200 Respnb.
334 3136 447 3185 nondum
458 3149 524 3184 tinus
534 3135 687 3199 imperabat.
778 3140 880 3190 delator
890 3141 964 3190 nimis
974 3147 1060 3204 suget.

240 3211 353 3261 ¹Versus
368 3213 426 3262 ittsc
440 3213 541 3262 omum
553 3212 652 3275 memes]
683 3209 738 3260 Ad·
810 3215 1063 3281 'Panapionem
1079 3210 1313 3276 sicambiguede-

208 3288 249 3338 dit
266 3302 367 3337 csusem
379 3289 521 3352 'Interpres
545 3287 613 3337 Gall.
633 3301 665 3336 cx
682 3301 736 3337 sno.
778 3291 863 3354 signet
874 3299 902 3341 et
913 3291 1091 3355 egritudinem
1104 3290 1181 3340 enimi
1198 3302 1243 3338 seu
1263 3287 1313 3337 irn-

209 3364 278 3414 onis
299 3379 392 3427 nempe
411 3365 510 3413 Blaesus
530 3365 641 3412 menime
661 3363 739 3412 bene·
778 3369 842 3429 perii
861 3382 945 3430 cures,
961 3375 989 3417 et
1008 3367 1125 3417 morbum
1144 3379 1191 3415 sen
1208 3364 1313 3414 dolores

208 3438 269 3510 ficis
286 3441 439 3502 accepisset,
450 3441 633 3504 acciperetque
650 3440 738 3489 etiarn·
779 3457 811 3494 ex
823 3444 889 3492 msls
899 3442 1059 3493 valetudine.
1274 3440 1278 3446 ’

208 3528 270 3563 uum
281 3529 296 3562 s
309 3515 441 3576 principe:
460 3513 710 3578 quodfalsissimnm.
810 3517 925 3580 labores]
967 3517 1087 3568 Morbum
1110 3517 1235 3580 intelligit
1254 3529 1313 3565 cors

245 3588 325 3640 Verso
345 3589 402 3637 tuuc
427 3590 529 3638 omnium
554 3595 650 3653 mmm,
676 3592 739 3656 quis
780 3596 857 3658 poris,
868 3593 937 3644 torte
946 3594 1021 3644 simul
1033 3600 1060 3644 et
1078 3594 1157 3642 enimi
1166 3599 1254 3654 aestus,
1264 3604 1313 3640 sen

209 3664 264 3714 κῃ·
277 3665 393 3728 immi
412 3665 512 3714 Blaews
527 3666 635 3717 ‘Jnnios
654 3666 738 3717 Anto·
779 3671 842 3721 belli
858 3670 941 3720 civilis
960 3683 1052 3719 cures:
1071 3669 1139 3734 quod
1156 3669 1264 3717 innuere
1276 3665 1316 3714 ri·

208 3741 315 3806 niosque
326 3741 405 3802 avos,'
422 3741 491 3804 qnod
506 3741 553 3790 ‘se
565 3742 647 3805 stirpe
659 3742 739 3805 impe·
780 3746 857 3795 detur
877 3745 917 3794 ltis
940 3745 1040 3805 verbis3
1067 3746 1148 3793 ‘scint
1167 3749 1195 3792 et
1215 3741 1314 3792 sentiet

209 3817 306 3866 tatoris
321 3830 419 3866 comem
431 3831 461 3865 se
479 3815 640 3879 magontinum
652 3818 739 3868 militi·
779 3821 865 3870 vircre
874 3819 1026 3882 virentum:
1032 3833 1065 3868 en
1071 3818 1187 3867 morbum
1198 3833 1206 3876 ς
1216 3817 1260 3865 ‘et
1266 3815 1315 3865 im·

209 3892 257 3942 bus
268 3891 429 3942 ostentaret!
779 3895 890 3960 perrre,'
901 3909 934 3944 en
942 3909 1018 3944 curas
1029 3895 1090 3944 belli
1102 3899 1131 3942 et
1142 3891 1256 3955 Reipub.

242 3968 277 4017 nt
293 3969 361 4032 quod
373 3969 433 4017 silet
447 3967 567 4017 Vitellius
583 3968 693 4031 deletor,
704 3971 739 4021 ob
811 3979 828 4004 '¹
844 3971 973 4020 Fautorem
984 3969 1086 4030 noctem]
1109 3970 1169 4018 Non
1182 3967 1215 4016 de
1226 3971 1312 4017 morte

208 4043 380 4108 ‘elegantiam
399 4043 505 4093 mornm'
521 4051 549 4093 et
564 4044 739 4096 innocentium
779 4045 890 4108 precise
905 4045 1039 4108 intelligit,
1062 4043 1108 4092 sed
1126 4043 1160 4092 de
1176 4045 1244 4091 noete
1260 4052 1313 4105 qne

209 4119 506 4172 scrltsessnetiteterur
524 4119 593 4187 quod
607 4122 739 4188 precipue
779 4120 923 4171 convitium
945 4119 1113 4171 celebrsbsnt
1134 4117 1205 4183 apud
1229 4116 1313 4168 ceci·
