<?xml version="1.0" encoding="UTF-8"?>
<!DOCTYPE html PUBLIC "-//W3C//DTD XHTML 1.0 Transitional//EN"
    "http://www.w3.org/TR/xhtml1/DTD/xhtml1-transitional.dtd">
<html xmlns="http://www.w3.org/1999/xhtml" xml:lang="en" lang="en">
 <head>
  <title>
</title>
<meta http-equiv="Content-Type" content="text/html;charset=utf-8" />
  <meta name='ocr-system' content='tesseract 3.04.00' />
  <meta name='ocr-capabilities' content='ocr_page ocr_carea ocr_par ocr_line ocrx_word'/>
</head>
<body>
  <div class='ocr_page' id='page_1' title='image "./ccorneliitaciti02lipsgoog/ccorneliitaciti02lipsgoog_0417.png"; bbox 0 0 2925 4742; ppageno 0'>
   <div class='ocr_carea' id='block_1_1' title="bbox 110 357 1222 442">
    <p class='ocr_par' dir='ltr' id='par_1_1' title="bbox 110 357 1222 442">
     <span class='ocr_line' id='line_1_1' title="bbox 110 357 1222 442; baseline -0.004 -11"><span class='ocrx_word' id='word_1_1' title='bbox 110 376 240 442; x_wconf 59' lang='lat' dir='ltr'><strong>tera]</strong></span> <span class='ocrx_word' id='word_1_2' title='bbox 461 370 729 423; x_wconf 81' lang='lat' dir='ltr'><strong>ursronrsauu</strong></span> <span class='ocrx_word' id='word_1_3' title='bbox 752 370 825 422; x_wconf 81' lang='lat' dir='ltr'><strong>uro.</strong></span> <span class='ocrx_word' id='word_1_4' title='bbox 846 372 899 422; x_wconf 86' lang='lat' dir='ltr'><strong>tv.</strong></span> <span class='ocrx_word' id='word_1_5' title='bbox 1134 357 1222 426; x_wconf 76' lang='lat' dir='ltr'><strong>otte</strong></span> 
     </span>
    </p>
   </div>
   <div class='ocr_carea' id='block_1_2' title="bbox 108 513 1227 1313">
    <p class='ocr_par' dir='ltr' id='par_1_2' title="bbox 108 513 1227 1313">
     <span class='ocr_line' id='line_1_2' title="bbox 109 513 1223 600; baseline 0.003 -18"><span class='ocrx_word' id='word_1_6' title='bbox 109 516 310 594; x_wconf 73' lang='lat' dir='ltr'><strong>advolvitur,</strong></span> <span class='ocrx_word' id='word_1_7' title='bbox 339 513 548 580; x_wconf 87' lang='lat' dir='ltr'><strong>‘remedium</strong></span> <span class='ocrx_word' id='word_1_8' title='bbox 564 513 738 580; x_wconf 75' lang='lat' dir='ltr'><strong>cecitatis’</strong></span> <span class='ocrx_word' id='word_1_9' title='bbox 760 527 948 600; x_wconf 74' lang='lat' dir='ltr'><strong>exposcens</strong></span> <span class='ocrx_word' id='word_1_10' title='bbox 968 517 1094 600; x_wconf 84' lang='lat' dir='ltr'><strong>gemitu</strong></span> <span class='ocrx_word' id='word_1_11' title='bbox 1105 517 1131 599; x_wconf 78' lang='grc'><strong>;6</strong></span> <span class='ocrx_word' id='word_1_12' title='bbox 1151 540 1223 586; x_wconf 67' lang='lat' dir='ltr'><strong>moa</strong></span> 
     </span>
     <span class='ocr_line' id='line_1_3' title="bbox 108 614 1222 704; baseline 0.004 -21"><span class='ocrx_word' id='word_1_13' title='bbox 108 620 177 685; x_wconf 89' lang='lat' dir='ltr'><strong>nitu</strong></span> <span class='ocrx_word' id='word_1_14' title='bbox 202 616 426 701; x_wconf 70' lang='lat' dir='ltr'><strong>Serapidisl·</strong></span> <span class='ocrx_word' id='word_1_15' title='bbox 449 616 529 695; x_wconf 90' lang='lat' dir='ltr'><strong>Dei,</strong></span> <span class='ocrx_word' id='word_1_16' title='bbox 551 634 655 698; x_wconf 87' lang='lat' dir='ltr'><strong>quem</strong></span> <span class='ocrx_word' id='word_1_17' title='bbox 675 614 788 681; x_wconf 86' lang='lat' dir='ltr'><strong>dedite</strong></span> <span class='ocrx_word' id='word_1_18' title='bbox 814 619 1106 701; x_wconf 74' lang='lat' dir='ltr'><strong>superstitionibus</strong></span> <span class='ocrx_word' id='word_1_19' title='bbox 1128 622 1222 704; x_wconf 78' lang='lat' dir='ltr'><strong>genn¹</strong></span> 
     </span>
     <span class='ocr_line' id='line_1_4' title="bbox 110 719 1225 806; baseline 0.004 -21"><span class='ocrx_word' id='word_1_20' title='bbox 110 726 180 785; x_wconf 87' lang='lat' dir='ltr'><strong>ante</strong></span> <span class='ocrx_word' id='word_1_21' title='bbox 206 720 299 784; x_wconf 86' lang='lat' dir='ltr'><strong>aiios</strong></span> <span class='ocrx_word' id='word_1_22' title='bbox 327 720 433 785; x_wconf 67' lang='lat' dir='ltr'><strong>colite</strong></span> <span class='ocrx_word' id='word_1_23' title='bbox 457 719 718 803; x_wconf 74' lang='lat' dir='ltr'><strong>precabaturque</strong></span> <span class='ocrx_word' id='word_1_24' title='bbox 746 719 950 805; x_wconf 85' lang='lat' dir='ltr'><strong>Principem,</strong></span> <span class='ocrx_word' id='word_1_25' title='bbox 977 726 1041 787; x_wconf 83' lang='lat' dir='ltr'><strong>‘nt</strong></span> <span class='ocrx_word' id='word_1_26' title='bbox 1062 736 1165 806; x_wconf 82' lang='lat' dir='ltr'><strong>genas</strong></span> <span class='ocrx_word' id='word_1_27' title='bbox 1190 726 1225 789; x_wconf 85' lang='lat' dir='ltr'><strong>et</strong></span> 
     </span>
     <span class='ocr_line' id='line_1_5' title="bbox 109 820 1224 903; baseline 0.003 -16"><span class='ocrx_word' id='word_1_28' title='bbox 109 822 279 887; x_wconf 84' lang='lat' dir='ltr'><strong>oculorum</strong></span> <span class='ocrx_word' id='word_1_29' title='bbox 318 822 414 886; x_wconf 81' lang='lat' dir='ltr'><strong>orbos</strong></span> <span class='ocrx_word' id='word_1_30' title='bbox 447 820 635 901; x_wconf 75' lang='lat' dir='ltr'><strong>dignaretur</strong></span> <span class='ocrx_word' id='word_1_31' title='bbox 659 839 846 903; x_wconf 82' lang='lat' dir='ltr'><strong>respergere</strong></span> <span class='ocrx_word' id='word_1_32' title='bbox 872 823 942 886; x_wconf 88' lang='lat' dir='ltr'><strong>oris</strong></span> <span class='ocrx_word' id='word_1_33' title='bbox 966 823 1224 891; x_wconf 69' lang='lat' dir='ltr'><strong>excrementu&#39;r</strong></span> 
     </span>
     <span class='ocr_line' id='line_1_6' title="bbox 108 922 1225 1009; baseline 0.004 -21"><span class='ocrx_word' id='word_1_34' title='bbox 108 922 201 988; x_wconf 85' lang='lat' dir='ltr'><strong>Alius</strong></span> <span class='ocrx_word' id='word_1_35' title='bbox 215 931 387 989; x_wconf 83' lang='lat' dir='ltr'><strong>mannm¹⁰</strong></span> <span class='ocrx_word' id='word_1_36' title='bbox 410 942 510 1007; x_wconf 72' lang='lat' dir='ltr'><strong>segor,</strong></span> <span class='ocrx_word' id='word_1_37' title='bbox 526 922 642 987; x_wconf 88' lang='lat' dir='ltr'><strong>eudem</strong></span> <span class='ocrx_word' id='word_1_38' title='bbox 657 923 733 987; x_wconf 90' lang='lat' dir='ltr'><strong>Deo</strong></span> <span class='ocrx_word' id='word_1_39' title='bbox 747 929 895 1003; x_wconf 86' lang='lat' dir='ltr'><strong>auctore,</strong></span> <span class='ocrx_word' id='word_1_40' title='bbox 919 929 930 958; x_wconf 87' lang='lat'>‘</span> <span class='ocrx_word' id='word_1_41' title='bbox 945 930 983 989; x_wconf 92' lang='lat' dir='ltr'><strong>ut</strong></span> <span class='ocrx_word' id='word_1_42' title='bbox 996 926 1080 1009; x_wconf 89' lang='lat' dir='ltr'><strong>pede</strong></span> <span class='ocrx_word' id='word_1_43' title='bbox 1094 946 1136 992; x_wconf 85' lang='lat' dir='ltr'><strong>nc</strong></span> <span class='ocrx_word' id='word_1_44' title='bbox 1149 946 1225 994; x_wconf 57' lang='lat' dir='ltr'><strong>ves*</strong></span> 
     </span>
     <span class='ocr_line' id='line_1_7' title="bbox 108 1022 1222 1111; baseline 0.004 -20"><span class='ocrx_word' id='word_1_45' title='bbox 108 1026 185 1109; x_wconf 88' lang='lat' dir='ltr'><strong>tigio</strong></span> <span class='ocrx_word' id='word_1_46' title='bbox 201 1024 358 1090; x_wconf 80' lang='lat' dir='ltr'><strong>Caesaris</strong></span> <span class='ocrx_word' id='word_1_47' title='bbox 372 1022 578 1102; x_wconf 61' lang='lat' dir='ltr'><strong>ealometnrj</strong></span> <span class='ocrx_word' id='word_1_48' title='bbox 600 1026 729 1089; x_wconf 85' lang='lat' dir='ltr'><strong>orabat.</strong></span> <span class='ocrx_word' id='word_1_49' title='bbox 772 1024 1003 1110; x_wconf 84' lang='lat' dir='ltr'><strong>Vespasianus</strong></span> <span class='ocrx_word' id='word_1_50' title='bbox 1024 1030 1131 1111; x_wconf 89' lang='lat' dir='ltr'><strong>primo</strong></span> <span class='ocrx_word' id='word_1_51' title='bbox 1150 1030 1222 1095; x_wconf 79' lang='lat' dir='ltr'><strong>irri-</strong></span> 
     </span>
     <span class='ocr_line' id='line_1_8' title="bbox 109 1127 1221 1211; baseline 0.004 -20"><span class='ocrx_word' id='word_1_52' title='bbox 109 1128 197 1205; x_wconf 86' lang='lat' dir='ltr'><strong>dere,</strong></span> <span class='ocrx_word' id='word_1_53' title='bbox 222 1129 423 1211; x_wconf 85' lang='lat' dir='ltr'><strong>aspernari:</strong></span> <span class='ocrx_word' id='word_1_54' title='bbox 458 1132 569 1210; x_wconf 85' lang='lat' dir='ltr'><strong>atque,</strong></span> <span class='ocrx_word' id='word_1_55' title='bbox 600 1127 694 1192; x_wconf 89' lang='lat' dir='ltr'><strong>illis¹¹</strong></span> <span class='ocrx_word' id='word_1_56' title='bbox 723 1129 937 1207; x_wconf 81' lang='lat' dir='ltr'><strong>instantibus,</strong></span> <span class='ocrx_word' id='word_1_57' title='bbox 967 1132 1068 1195; x_wconf 93' lang='lat' dir='ltr'><strong>modo</strong></span> <span class='ocrx_word' id='word_1_58' title='bbox 1097 1131 1221 1195; x_wconf 86' lang='lat' dir='ltr'><strong>lamam</strong></span> 
     </span>
     <span class='ocr_line' id='line_1_9' title="bbox 108 1227 1227 1313; baseline 0.003 -19"><span class='ocrx_word' id='word_1_59' title='bbox 108 1228 266 1295; x_wconf 74' lang='lat' dir='ltr'><strong>multatis</strong></span> <span class='ocrx_word' id='word_1_60' title='bbox 281 1227 456 1308; x_wconf 74' lang='lat' dir='ltr'><strong>metuere,b</strong></span> <span class='ocrx_word' id='word_1_61' title='bbox 474 1229 575 1294; x_wconf 89' lang='lat' dir='ltr'><strong>modo</strong></span> <span class='ocrx_word' id='word_1_62' title='bbox 589 1230 845 1294; x_wconf 73' lang='lat' dir='ltr'><strong>obsecratione¹²</strong></span> <span class='ocrx_word' id='word_1_63' title='bbox 865 1230 1019 1313; x_wconf 82' lang='lat' dir='ltr'><strong>&#39;ipsorum</strong></span> <span class='ocrx_word' id='word_1_64' title='bbox 1033 1237 1067 1295; x_wconf 91' lang='lat' dir='ltr'><strong>et</strong></span> <span class='ocrx_word' id='word_1_65' title='bbox 1079 1233 1227 1297; x_wconf 83' lang='lat' dir='ltr'><strong>vocibus</strong></span> 
     </span>
    </p>
   </div>
   <div class='ocr_carea' id='block_1_3' title="bbox 106 1402 1232 1792">
    <p class='ocr_par' dir='ltr' id='par_1_3' title="bbox 106 1402 1225 1532">
     <span class='ocr_line' id='line_1_10' title="bbox 106 1402 1225 1470; baseline 0 -19"><span class='ocrx_word' id='word_1_66' title='bbox 106 1403 173 1467; x_wconf 86' lang='lat' dir='ltr'><strong>pedes</strong></span> <span class='ocrx_word' id='word_1_67' title='bbox 182 1402 391 1468; x_wconf 52' lang='lat' dir='ltr'><strong>abjiciamque</strong></span> <span class='ocrx_word' id='word_1_68' title='bbox 401 1404 527 1455; x_wconf 85' lang='lat' dir='ltr'><strong>medelam</strong></span> <span class='ocrx_word' id='word_1_69' title='bbox 536 1404 665 1455; x_wconf 70' lang='lat' dir='ltr'><strong>cecitatis</strong></span> <span class='ocrx_word' id='word_1_70' title='bbox 675 1404 809 1469; x_wconf 76' lang='lat' dir='ltr'><strong>effingitst;</strong></span> <span class='ocrx_word' id='word_1_71' title='bbox 824 1404 1056 1470; x_wconf 72' lang='lat' dir='ltr'><strong>miumrfflcte</strong></span> <span class='ocrx_word' id='word_1_72' title='bbox 1066 1406 1116 1455; x_wconf 85' lang='lat' dir='ltr'><strong>Dei</strong></span> <span class='ocrx_word' id='word_1_73' title='bbox 1207 1406 1225 1451; x_wconf 73' lang='lat'><strong>‘-</strong></span> 
     </span>
     <span class='ocr_line' id='line_1_11' title="bbox 108 1468 1081 1532; baseline 0.003 -15"><span class='ocrx_word' id='word_1_74' title='bbox 108 1468 151 1529; x_wconf 69' lang='grc' dir='ltr'><strong>ὣ,</strong></span> <span class='ocrx_word' id='word_1_75' title='bbox 167 1482 237 1530; x_wconf 74' lang='lat' dir='ltr'><strong>gaen</strong></span> <span class='ocrx_word' id='word_1_76' title='bbox 250 1469 352 1519; x_wconf 79' lang='lat' dir='ltr'><strong>addicto</strong></span> <span class='ocrx_word' id='word_1_77' title='bbox 362 1468 566 1531; x_wconf 66' lang='lat' dir='ltr'><strong>mditiesa&#39;lmt</strong></span> <span class='ocrx_word' id='word_1_78' title='bbox 574 1469 639 1519; x_wconf 82' lang='lat' dir='ltr'><strong>sntio</strong></span> <span class='ocrx_word' id='word_1_79' title='bbox 649 1470 705 1517; x_wconf 81' lang='lat' dir='ltr'><strong>brec</strong></span> <span class='ocrx_word' id='word_1_80' title='bbox 722 1484 775 1532; x_wconf 79' lang='lat' dir='ltr'><strong>pra</strong></span> <span class='ocrx_word' id='word_1_81' title='bbox 785 1471 870 1519; x_wconf 82' lang='lat' dir='ltr'><strong>ceteris</strong></span> <span class='ocrx_word' id='word_1_82' title='bbox 879 1470 937 1519; x_wconf 85' lang='lat' dir='ltr'><strong>Diis</strong></span> <span class='ocrx_word' id='word_1_83' title='bbox 947 1475 1081 1520; x_wconf 70' lang='lat' dir='ltr'><strong>oeserdur.</strong></span> 
     </span>
    </p>

    <p class='ocr_par' dir='ltr' id='par_1_4' title="bbox 108 1532 1232 1798">
     <span class='ocr_line' id='line_1_12' title="bbox 108 1532 1227 1595; baseline 0.004 -16"><span class='ocrx_word' id='word_1_84' title='bbox 108 1532 138 1579; x_wconf 84' lang='lat' dir='ltr'><strong>in</strong></span> <span class='ocrx_word' id='word_1_85' title='bbox 206 1546 285 1591; x_wconf 76' lang='lat' dir='ltr'><strong>orem,</strong></span> <span class='ocrx_word' id='word_1_86' title='bbox 298 1538 327 1581; x_wconf 91' lang='lat' dir='ltr'><strong>ut</strong></span> <span class='ocrx_word' id='word_1_87' title='bbox 338 1533 419 1582; x_wconf 85' lang='lat' dir='ltr'><strong>salira</strong></span> <span class='ocrx_word' id='word_1_88' title='bbox 427 1532 479 1582; x_wconf 88' lang='lat' dir='ltr'><strong>oris</strong></span> <span class='ocrx_word' id='word_1_89' title='bbox 487 1534 563 1583; x_wconf 90' lang='lat' dir='ltr'><strong>linire</strong></span> <span class='ocrx_word' id='word_1_90' title='bbox 576 1534 656 1582; x_wconf 87' lang='lat' dir='ltr'><strong>vellet</strong></span> <span class='ocrx_word' id='word_1_91' title='bbox 667 1546 745 1595; x_wconf 83' lang='lat' dir='ltr'><strong>genes</strong></span> <span class='ocrx_word' id='word_1_92' title='bbox 765 1542 793 1583; x_wconf 88' lang='lat' dir='ltr'><strong>et</strong></span> <span class='ocrx_word' id='word_1_93' title='bbox 810 1534 934 1583; x_wconf 82' lang='lat' dir='ltr'><strong>luminum</strong></span> <span class='ocrx_word' id='word_1_94' title='bbox 945 1535 1031 1584; x_wconf 87' lang='lat' dir='ltr'><strong>orbes.</strong></span> <span class='ocrx_word' id='word_1_95' title='bbox 1064 1534 1135 1584; x_wconf 74' lang='lat' dir='ltr'><strong>Alter</strong></span> <span class='ocrx_word' id='word_1_96' title='bbox 1152 1549 1227 1585; x_wconf 80' lang='lat' dir='ltr'><strong>tenes</strong></span> 
     </span>
     <span class='ocr_line' id='line_1_13' title="bbox 108 1595 1224 1662; baseline 0.004 -19"><span class='ocrx_word' id='word_1_97' title='bbox 108 1596 123 1643; x_wconf 88' lang='lat' dir='ltr'><strong>d</strong></span> <span class='ocrx_word' id='word_1_98' title='bbox 152 1595 295 1656; x_wconf 86' lang='lat' dir='ltr'><strong>&#39;&#39;,eodesa</strong></span> <span class='ocrx_word' id='word_1_99' title='bbox 306 1598 401 1661; x_wconf 76' lang='lat' dir='ltr'><strong>afflante</strong></span> <span class='ocrx_word' id='word_1_100' title='bbox 412 1596 515 1657; x_wconf 70' lang='lat' dir='ltr'><strong>mesiae,</strong></span> <span class='ocrx_word' id='word_1_101' title='bbox 530 1597 680 1661; x_wconf 76' lang='lat' dir='ltr'><strong>precabatur,</strong></span> <span class='ocrx_word' id='word_1_102' title='bbox 691 1603 721 1647; x_wconf 90' lang='lat' dir='ltr'><strong>ut</strong></span> <span class='ocrx_word' id='word_1_103' title='bbox 738 1598 832 1661; x_wconf 86' lang='lat' dir='ltr'><strong>plenta</strong></span> <span class='ocrx_word' id='word_1_104' title='bbox 850 1598 924 1662; x_wconf 85' lang='lat' dir='ltr'><strong>pedis</strong></span> <span class='ocrx_word' id='word_1_105' title='bbox 942 1606 971 1648; x_wconf 88' lang='lat' dir='ltr'><strong>et</strong></span> <span class='ocrx_word' id='word_1_106' title='bbox 990 1600 1081 1649; x_wconf 82' lang='lat' dir='ltr'><strong>calceo</strong></span> <span class='ocrx_word' id='word_1_107' title='bbox 1100 1598 1224 1662; x_wconf 85' lang='lat' dir='ltr'><strong>principis</strong></span> 
     </span>
     <span class='ocr_line' id='line_1_14' title="bbox 109 1661 1225 1727; baseline 0.004 -20"><span class='ocrx_word' id='word_1_108' title='bbox 109 1667 285 1722; x_wconf 81' lang='lat' dir='ltr'><strong>premeretur,</strong></span> <span class='ocrx_word' id='word_1_109' title='bbox 298 1667 459 1723; x_wconf 79' lang='lat' dir='ltr'><strong>tangeretur.</strong></span> <span class='ocrx_word' id='word_1_110' title='bbox 491 1661 649 1725; x_wconf 75' lang='lat' dir='ltr'><strong>Vespasianus</strong></span> <span class='ocrx_word' id='word_1_111' title='bbox 660 1662 685 1709; x_wconf 92' lang='lat' dir='ltr'><strong>id</strong></span> <span class='ocrx_word' id='word_1_112' title='bbox 697 1661 775 1723; x_wconf 78' lang='lat' dir='ltr'><strong>priseo</strong></span> <span class='ocrx_word' id='word_1_113' title='bbox 783 1663 836 1712; x_wconf 80' lang='lat' dir='ltr'><strong>ries</strong></span> <span class='ocrx_word' id='word_1_114' title='bbox 845 1663 963 1726; x_wconf 72' lang='lat' dir='ltr'><strong>excipere,</strong></span> <span class='ocrx_word' id='word_1_115' title='bbox 974 1668 1130 1712; x_wconf 71' lang='lat' dir='ltr'><strong>contemnere:</strong></span> <span class='ocrx_word' id='word_1_116' title='bbox 1146 1668 1225 1727; x_wconf 75' lang='lat' dir='ltr'><strong>stqse,</strong></span> 
     </span>
     <span class='ocr_line' id='line_1_15' title="bbox 109 1722 1232 1792; baseline 0.002 -18"><span class='ocrx_word' id='word_1_117' title='bbox 109 1722 154 1783; x_wconf 72' lang='lat' dir='ltr'><strong>tilis</strong></span> <span class='ocrx_word' id='word_1_118' title='bbox 163 1724 318 1787; x_wconf 66' lang='lat' dir='ltr'><strong>arentibus,</strong></span> <span class='ocrx_word' id='word_1_119' title='bbox 327 1740 388 1775; x_wconf 79' lang='lat' dir='ltr'><strong>senc</strong></span> <span class='ocrx_word' id='word_1_120' title='bbox 398 1724 597 1775; x_wconf 63' lang='lat' dir='ltr'><strong>minuissem</strong></span> <span class='ocrx_word' id='word_1_121' title='bbox 612 1725 727 1775; x_wconf 79' lang='lat' dir='ltr'><strong>nteitrtit</strong></span> <span class='ocrx_word' id='word_1_122' title='bbox 746 1726 838 1791; x_wconf 73' lang='lat' dir='ltr'><strong>tinere,</strong></span> <span class='ocrx_word' id='word_1_123' title='bbox 847 1741 909 1776; x_wconf 76' lang='lat' dir='ltr'><strong>aare</strong></span> <span class='ocrx_word' id='word_1_124' title='bbox 918 1726 1190 1792; x_wconf 61' lang='lat' dir='ltr'><strong>attendissem,</strong></span> <span class='ocrx_word' id='word_1_125' title='bbox 1200 1731 1232 1776; x_wconf 78' lang='lat' dir='ltr'><strong>et</strong></span> 
     </span>
    </p>
   </div>
   <div class='ocr_carea' id='block_1_4' title="bbox 579 1868 758 1891">
    <p class='ocr_par' dir='ltr' id='par_1_5' title="bbox 579 1868 758 1891">
     <span class='ocr_line' id='line_1_16' title="bbox 579 1868 758 1891; baseline -0.006 -2"><span class='ocrx_word' id='word_1_126' title='bbox 579 1868 758 1891; x_wconf 59' lang='lat' dir='ltr'><strong>nomnen</strong></span> 
     </span>
    </p>
   </div>
   <div class='ocr_carea' id='block_1_5' title="bbox 110 1948 1229 2655">
    <p class='ocr_par' dir='ltr' id='par_1_6' title="bbox 110 1948 1228 2251">
     <span class='ocr_line' id='line_1_17' title="bbox 110 1948 1222 2017; baseline 0.004 -20"><span class='ocrx_word' id='word_1_127' title='bbox 110 1948 212 1999; x_wconf 75' lang='lat' dir='ltr'><strong>tien-d</strong></span> <span class='ocrx_word' id='word_1_128' title='bbox 224 1950 281 2003; x_wconf 86' lang='lat' dir='ltr'><strong>Ms.</strong></span> <span class='ocrx_word' id='word_1_129' title='bbox 290 1950 369 2001; x_wconf 88' lang='lat' dir='ltr'><strong>Corb.</strong></span> <span class='ocrx_word' id='word_1_130' title='bbox 382 1956 411 2002; x_wconf 89' lang='lat' dir='ltr'><strong>et</strong></span> <span class='ocrx_word' id='word_1_131' title='bbox 416 1952 499 2002; x_wconf 88' lang='lat' dir='ltr'><strong>editio</strong></span> <span class='ocrx_word' id='word_1_132' title='bbox 506 1953 638 2017; x_wconf 85' lang='lat' dir='ltr'><strong>princeps,</strong></span> <span class='ocrx_word' id='word_1_133' title='bbox 643 1952 742 2015; x_wconf 81' lang='lat' dir='ltr'><strong>getts&#39;bss</strong></span> <span class='ocrx_word' id='word_1_134' title='bbox 752 1951 801 2013; x_wconf 75' lang='lat' dir='ltr'><strong>elas</strong></span> <span class='ocrx_word' id='word_1_135' title='bbox 809 1952 999 2002; x_wconf 64' lang='lat' dir='ltr'><strong>ulmtriba—d</strong></span> <span class='ocrx_word' id='word_1_136' title='bbox 1010 1950 1054 2001; x_wconf 88' lang='lat' dir='ltr'><strong>Ita</strong></span> <span class='ocrx_word' id='word_1_137' title='bbox 1064 1952 1142 2014; x_wconf 86' lang='lat' dir='ltr'><strong>rnlgo</strong></span> <span class='ocrx_word' id='word_1_138' title='bbox 1152 1951 1222 2003; x_wconf 79' lang='lat' dir='ltr'><strong>tto.</strong></span> 
     </span>
     <span class='ocr_line' id='line_1_18' title="bbox 112 2013 1225 2079; baseline 0.004 -18"><span class='ocrx_word' id='word_1_139' title='bbox 112 2020 138 2061; x_wconf 86' lang='lat' dir='ltr'><strong>et</strong></span> <span class='ocrx_word' id='word_1_140' title='bbox 147 2013 206 2063; x_wconf 87' lang='lat' dir='ltr'><strong>libri</strong></span> <span class='ocrx_word' id='word_1_141' title='bbox 216 2030 310 2065; x_wconf 87' lang='lat' dir='ltr'><strong>omnes</strong></span> <span class='ocrx_word' id='word_1_142' title='bbox 322 2016 395 2067; x_wconf 91' lang='lat' dir='ltr'><strong>editi.</strong></span> <span class='ocrx_word' id='word_1_143' title='bbox 428 2017 527 2067; x_wconf 87' lang='lat' dir='ltr'><strong>Merito</strong></span> <span class='ocrx_word' id='word_1_144' title='bbox 543 2022 630 2066; x_wconf 82' lang='lat' dir='ltr'><strong>tamen</strong></span> <span class='ocrx_word' id='word_1_145' title='bbox 641 2016 790 2066; x_wconf 83' lang='lat' dir='ltr'><strong>redundare</strong></span> <span class='ocrx_word' id='word_1_146' title='bbox 798 2016 891 2079; x_wconf 81' lang='lat' dir='ltr'><strong>getst&#39;ts</strong></span> <span class='ocrx_word' id='word_1_147' title='bbox 901 2014 1040 2066; x_wconf 81' lang='lat' dir='ltr'><strong>ridebatur</strong></span> <span class='ocrx_word' id='word_1_148' title='bbox 1052 2016 1091 2065; x_wconf 84' lang='lat' dir='ltr'><strong>ct.</strong></span> <span class='ocrx_word' id='word_1_149' title='bbox 1103 2016 1225 2066; x_wconf 79' lang='lat' dir='ltr'><strong>Ernesto.</strong></span> 
     </span>
     <span class='ocr_line' id='line_1_19' title="bbox 112 2076 1228 2144; baseline 0.004 -19"><span class='ocrx_word' id='word_1_150' title='bbox 112 2076 171 2125; x_wconf 79' lang='lat' dir='ltr'><strong>Non</strong></span> <span class='ocrx_word' id='word_1_151' title='bbox 181 2078 222 2127; x_wconf 85' lang='lat' dir='ltr'><strong>ita</strong></span> <span class='ocrx_word' id='word_1_152' title='bbox 232 2079 314 2142; x_wconf 82' lang='lat' dir='ltr'><strong>bene,</strong></span> <span class='ocrx_word' id='word_1_153' title='bbox 327 2080 397 2144; x_wconf 82' lang='lat' dir='ltr'><strong>quod</strong></span> <span class='ocrx_word' id='word_1_154' title='bbox 409 2081 474 2131; x_wconf 83' lang='lat' dir='ltr'><strong>Mes.</strong></span> <span class='ocrx_word' id='word_1_155' title='bbox 487 2080 576 2132; x_wconf 83' lang='lat' dir='ltr'><strong>Guell.</strong></span> <span class='ocrx_word' id='word_1_156' title='bbox 587 2081 642 2132; x_wconf 88' lang='lat' dir='ltr'><strong>Jes.</strong></span> <span class='ocrx_word' id='word_1_157' title='bbox 657 2082 756 2131; x_wconf 82' lang='lat' dir='ltr'><strong>hebent</strong></span> <span class='ocrx_word' id='word_1_158' title='bbox 774 2081 801 2129; x_wconf 82' lang='lat' dir='ltr'><strong>is</strong></span> <span class='ocrx_word' id='word_1_159' title='bbox 816 2080 920 2143; x_wconf 73' lang='lat' dir='ltr'><strong>genitu,</strong></span> <span class='ocrx_word' id='word_1_160' title='bbox 938 2080 1058 2129; x_wconf 86' lang='lat' dir='ltr'><strong>tentabst</strong></span> <span class='ocrx_word' id='word_1_161' title='bbox 1076 2080 1228 2142; x_wconf 66' lang='lat' dir='ltr'><strong>ingenitum:</strong></span> 
     </span>
     <span class='ocr_line' id='line_1_20' title="bbox 112 2140 1227 2251; baseline 0.005 -62"><span class='ocrx_word' id='word_1_162' title='bbox 112 2140 186 2251; x_wconf 60' lang='lat' dir='ltr'><strong>passi</strong></span> <span class='ocrx_word' id='word_1_163' title='bbox 203 2142 384 2207; x_wconf 78' lang='lat' dir='ltr'><strong>Vespasianus</strong></span> <span class='ocrx_word' id='word_1_164' title='bbox 395 2144 536 2207; x_wconf 82' lang='lat' dir='ltr'><strong>ingenitam</strong></span> <span class='ocrx_word' id='word_1_165' title='bbox 548 2145 654 2195; x_wconf 85' lang='lat' dir='ltr'><strong>curandi</strong></span> <span class='ocrx_word' id='word_1_166' title='bbox 666 2145 719 2195; x_wconf 84' lang='lat' dir='ltr'><strong>vim</strong></span> <span class='ocrx_word' id='word_1_167' title='bbox 730 2144 860 2204; x_wconf 85' lang='lat' dir='ltr'><strong>babuerit,</strong></span> <span class='ocrx_word' id='word_1_168' title='bbox 870 2142 939 2207; x_wconf 83' lang='lat' dir='ltr'><strong>qood</strong></span> <span class='ocrx_word' id='word_1_169' title='bbox 951 2143 984 2192; x_wconf 88' lang='lat' dir='ltr'><strong>de</strong></span> <span class='ocrx_word' id='word_1_170' title='bbox 995 2143 1097 2207; x_wconf 82' lang='lat' dir='ltr'><strong>Pyrrho</strong></span> <span class='ocrx_word' id='word_1_171' title='bbox 1113 2144 1227 2195; x_wconf 84' lang='lat' dir='ltr'><strong>retulere</strong></span> 
     </span>
    </p>

    <p class='ocr_par' dir='ltr' id='par_1_7' title="bbox 111 2205 1229 2655">
     <span class='ocr_line' id='line_1_21' title="bbox 135 2205 1226 2272; baseline 0.004 -20"><span class='ocrx_word' id='word_1_172' title='bbox 135 2205 272 2257; x_wconf 82' lang='lat' dir='ltr'><strong>luterelrus</strong></span> <span class='ocrx_word' id='word_1_173' title='bbox 301 2208 328 2256; x_wconf 87' lang='lat' dir='ltr'><strong>ln</strong></span> <span class='ocrx_word' id='word_1_174' title='bbox 344 2206 437 2271; x_wconf 83' lang='lat' dir='ltr'><strong>Pyrrh.</strong></span> <span class='ocrx_word' id='word_1_175' title='bbox 457 2223 485 2272; x_wconf 89' lang='lat' dir='ltr'><strong>p.</strong></span> <span class='ocrx_word' id='word_1_176' title='bbox 497 2213 553 2259; x_wconf 73' lang='lat' dir='ltr'><strong>tel.</strong></span> <span class='ocrx_word' id='word_1_177' title='bbox 574 2215 603 2258; x_wconf 87' lang='lat' dir='ltr'><strong>et</strong></span> <span class='ocrx_word' id='word_1_178' title='bbox 622 2208 735 2271; x_wconf 89' lang='lat' dir='ltr'><strong>Plinius,</strong></span> <span class='ocrx_word' id='word_1_179' title='bbox 745 2221 796 2257; x_wconf 81' lang='lat' dir='ltr'><strong>ru.</strong></span> <span class='ocrx_word' id='word_1_180' title='bbox 807 2212 832 2258; x_wconf 72' lang='lat'><strong>2.</strong></span> <span class='ocrx_word' id='word_1_181' title='bbox 857 2207 1013 2257; x_wconf 63' lang='lat' dir='ltr'><strong>Ratira-⁷</strong></span> <span class='ocrx_word' id='word_1_182' title='bbox 1029 2208 1073 2257; x_wconf 83' lang='lat' dir='ltr'><strong>Sic</strong></span> <span class='ocrx_word' id='word_1_183' title='bbox 1093 2207 1143 2258; x_wconf 82' lang='lat' dir='ltr'><strong>lle.</strong></span> <span class='ocrx_word' id='word_1_184' title='bbox 1155 2208 1226 2257; x_wconf 76' lang='lat' dir='ltr'><strong>Flor.</strong></span> 
     </span>
     <span class='ocr_line' id='line_1_22' title="bbox 112 2268 1229 2334; baseline 0.004 -17"><span class='ocrx_word' id='word_1_185' title='bbox 112 2268 287 2331; x_wconf 75' lang='lat' dir='ltr'><strong>Puteolanus,</strong></span> <span class='ocrx_word' id='word_1_186' title='bbox 297 2270 413 2321; x_wconf 85' lang='lat' dir='ltr'><strong>Pi&#39;cbens</strong></span> <span class='ocrx_word' id='word_1_187' title='bbox 424 2277 452 2321; x_wconf 89' lang='lat' dir='ltr'><strong>et</strong></span> <span class='ocrx_word' id='word_1_188' title='bbox 465 2272 632 2323; x_wconf 83' lang='lat' dir='ltr'><strong>recentiores.</strong></span> <span class='ocrx_word' id='word_1_189' title='bbox 665 2272 698 2322; x_wconf 93' lang='lat' dir='ltr'><strong>In</strong></span> <span class='ocrx_word' id='word_1_190' title='bbox 716 2274 782 2322; x_wconf 86' lang='lat' dir='ltr'><strong>Met.</strong></span> <span class='ocrx_word' id='word_1_191' title='bbox 801 2272 870 2334; x_wconf 87' lang='lat' dir='ltr'><strong>Reg.</strong></span> <span class='ocrx_word' id='word_1_192' title='bbox 889 2270 970 2321; x_wconf 82' lang='lat' dir='ltr'><strong>Corb.</strong></span> <span class='ocrx_word' id='word_1_193' title='bbox 985 2277 1015 2321; x_wconf 86' lang='lat' dir='ltr'><strong>et</strong></span> <span class='ocrx_word' id='word_1_194' title='bbox 1032 2271 1147 2321; x_wconf 87' lang='lat' dir='ltr'><strong>editione</strong></span> <span class='ocrx_word' id='word_1_195' title='bbox 1158 2272 1229 2334; x_wconf 85' lang='lat' dir='ltr'><strong>prin·</strong></span> 
     </span>
     <span class='ocr_line' id='line_1_23' title="bbox 111 2332 1227 2462; baseline 0.005 -19"><span class='ocrx_word' id='word_1_196' title='bbox 111 2332 748 2462; x_wconf 64' lang='lat' dir='ltr'><strong>tluttamrturtutttater</strong></span> <span class='ocrx_word' id='word_1_197' title='bbox 765 2335 1227 2461; x_wconf 64' lang='lat' dir='ltr'><strong>“””..&#39;tt·.?.¹.i.⁰³“’⁴¹¹³³³&#39;“³¹&#39;⁰&#39;&#39;</strong></span> 
     </span>
     <span class='ocr_line' id='line_1_24' title="bbox 113 2414 1227 2526; baseline 0.003 -17"><span class='ocrx_word' id='word_1_198' title='bbox 113 2462 129 2509; x_wconf 72' lang='grc'>9</span> <span class='ocrx_word' id='word_1_199' title='bbox 145 2460 236 2511; x_wconf 81' lang='lat' dir='ltr'><strong>Editio</strong></span> <span class='ocrx_word' id='word_1_200' title='bbox 249 2463 381 2526; x_wconf 87' lang='lat' dir='ltr'><strong>princeps,</strong></span> <span class='ocrx_word' id='word_1_201' title='bbox 399 2476 507 2526; x_wconf 80' lang='lat' dir='ltr'><strong>respuere</strong></span> <span class='ocrx_word' id='word_1_202' title='bbox 527 2462 575 2512; x_wconf 83' lang='lat' dir='ltr'><strong>oris</strong></span> <span class='ocrx_word' id='word_1_203' title='bbox 591 2414 828 2514; x_wconf 52' lang='lat' dir='ltr'><strong>exornassem</strong></span> <span class='ocrx_word' id='word_1_204' title='bbox 845 2462 888 2512; x_wconf 87' lang='lat' dir='ltr'><strong>Sic</strong></span> <span class='ocrx_word' id='word_1_205' title='bbox 905 2462 1001 2513; x_wconf 60' lang='lat' dir='ltr'><strong>bissi*</strong></span> <span class='ocrx_word' id='word_1_206' title='bbox 1012 2478 1049 2514; x_wconf 85' lang='lat' dir='ltr'><strong>or.</strong></span> <span class='ocrx_word' id='word_1_207' title='bbox 1062 2465 1137 2514; x_wconf 89' lang='lat' dir='ltr'><strong>Hsrl.</strong></span> <span class='ocrx_word' id='word_1_208' title='bbox 1148 2450 1227 2514; x_wconf 78' lang='lat' dir='ltr'><strong>liodl.¹</strong></span> 
     </span>
     <span class='ocr_line' id='line_1_25' title="bbox 113 2523 1227 2589; baseline 0.003 -15"><span class='ocrx_word' id='word_1_209' title='bbox 113 2523 168 2574; x_wconf 86' lang='lat' dir='ltr'><strong>Jes.</strong></span> <span class='ocrx_word' id='word_1_210' title='bbox 179 2524 273 2575; x_wconf 82' lang='lat' dir='ltr'><strong>Guell&#39;.</strong></span> <span class='ocrx_word' id='word_1_211' title='bbox 285 2527 345 2579; x_wconf 83' lang='lat' dir='ltr'><strong>Jee.</strong></span> <span class='ocrx_word' id='word_1_212' title='bbox 357 2526 504 2576; x_wconf 82' lang='lat' dir='ltr'><strong>Gronovius</strong></span> <span class='ocrx_word' id='word_1_213' title='bbox 521 2533 550 2576; x_wconf 88' lang='lat' dir='ltr'><strong>et</strong></span> <span class='ocrx_word' id='word_1_214' title='bbox 561 2526 730 2576; x_wconf 86' lang='lat' dir='ltr'><strong>recentiores.</strong></span> <span class='ocrx_word' id='word_1_215' title='bbox 765 2526 798 2575; x_wconf 88' lang='lat' dir='ltr'><strong>In</strong></span> <span class='ocrx_word' id='word_1_216' title='bbox 808 2526 859 2576; x_wconf 78' lang='lat' dir='ltr'><strong>bls.</strong></span> <span class='ocrx_word' id='word_1_217' title='bbox 870 2527 936 2589; x_wconf 79' lang='lat' dir='ltr'><strong>Reg.</strong></span> <span class='ocrx_word' id='word_1_218' title='bbox 948 2533 975 2575; x_wconf 88' lang='lat' dir='ltr'><strong>et</strong></span> <span class='ocrx_word' id='word_1_219' title='bbox 987 2524 1143 2577; x_wconf 81' lang='lat' dir='ltr'><strong>editionibus</strong></span> <span class='ocrx_word' id='word_1_220' title='bbox 1153 2535 1227 2578; x_wconf 82' lang='lat' dir='ltr'><strong>rete·</strong></span> 
     </span>
     <span class='ocr_line' id='line_1_26' title="bbox 114 2587 1226 2655; baseline 0.004 -18"><span class='ocrx_word' id='word_1_221' title='bbox 114 2587 192 2653; x_wconf 87' lang='lat' dir='ltr'><strong>ribos,</strong></span> <span class='ocrx_word' id='word_1_222' title='bbox 202 2604 277 2641; x_wconf 75' lang='lat' dir='ltr'><strong>sam</strong></span> <span class='ocrx_word' id='word_1_223' title='bbox 286 2606 359 2654; x_wconf 79' lang='lat' dir='ltr'><strong>eger.</strong></span> <span class='ocrx_word' id='word_1_224' title='bbox 385 2591 442 2641; x_wconf 86' lang='lat' dir='ltr'><strong>Nee</strong></span> <span class='ocrx_word' id='word_1_225' title='bbox 452 2590 627 2655; x_wconf 84' lang='lat' dir='ltr'><strong>ineleganter,</strong></span> <span class='ocrx_word' id='word_1_226' title='bbox 636 2604 741 2655; x_wconf 73' lang='lat' dir='ltr'><strong>neren,</strong></span> <span class='ocrx_word' id='word_1_227' title='bbox 752 2589 905 2641; x_wconf 71' lang='lat' dir='ltr'><strong>omeomm</strong></span> <span class='ocrx_word' id='word_1_228' title='bbox 916 2603 997 2640; x_wconf 87' lang='lat' dir='ltr'><strong>more.</strong></span> <span class='ocrx_word' id='word_1_229' title='bbox 1014 2592 1156 2642; x_wconf 73' lang='lat' dir='ltr'><strong>ltere—ll</strong></span> <span class='ocrx_word' id='word_1_230' title='bbox 1174 2592 1226 2642; x_wconf 77' lang='lat' dir='ltr'><strong>lle.</strong></span> 
     </span>
    </p>
   </div>
   <div class='ocr_carea' id='block_1_6' title="bbox 616 2737 723 2834">
    <p class='ocr_par' dir='ltr' id='par_1_8' title="bbox 616 2737 723 2834">
     <span class='ocr_line' id='line_1_27' title="bbox 616 2737 723 2834; baseline -0.009 -7"><span class='ocrx_word' id='word_1_231' title='bbox 616 2737 723 2834; x_wconf 73' lang='lat' dir='ltr'><strong>norm</strong></span> 
     </span>
    </p>
   </div>
   <div class='ocr_carea' id='block_1_7' title="bbox 116 2924 1266 4284">
    <p class='ocr_par' dir='ltr' id='par_1_9' title="bbox 116 2924 1229 3141">
     <span class='ocr_line' id='line_1_28' title="bbox 147 2924 1229 2993; baseline 0.001 -18"><span class='ocrx_word' id='word_1_232' title='bbox 147 2924 244 2977; x_wconf 83' lang='lat' dir='ltr'><strong>Franci</strong></span> <span class='ocrx_word' id='word_1_233' title='bbox 254 2941 339 2993; x_wconf 86' lang='lat' dir='ltr'><strong>reges,</strong></span> <span class='ocrx_word' id='word_1_234' title='bbox 349 2926 431 2978; x_wconf 80' lang='lat' dir='ltr'><strong>salias</strong></span> <span class='ocrx_word' id='word_1_235' title='bbox 443 2932 545 2978; x_wconf 86' lang='lat' dir='ltr'><strong>tantum</strong></span> <span class='ocrx_word' id='word_1_236' title='bbox 556 2926 650 2990; x_wconf 89' lang='lat' dir='ltr'><strong>pollice</strong></span> <span class='ocrx_word' id='word_1_237' title='bbox 691 2924 845 2989; x_wconf 81' lang='lat' dir='ltr'><strong>Dionysius,</strong></span> <span class='ocrx_word' id='word_1_238' title='bbox 863 2929 918 2975; x_wconf 86' lang='lat' dir='ltr'><strong>tum</strong></span> <span class='ocrx_word' id='word_1_239' title='bbox 935 2924 1025 2989; x_wconf 88' lang='lat' dir='ltr'><strong>Pluto,</strong></span> <span class='ocrx_word' id='word_1_240' title='bbox 1041 2930 1095 2975; x_wconf 90' lang='lat' dir='ltr'><strong>tum</strong></span> <span class='ocrx_word' id='word_1_241' title='bbox 1107 2924 1229 2990; x_wconf 67' lang='lat' dir='ltr'><strong>Amorem</strong></span> 
     </span>
     <span class='ocr_line' id='line_1_29' title="bbox 116 2998 1228 3067; baseline 0.001 -17"><span class='ocrx_word' id='word_1_242' title='bbox 116 2998 287 3055; x_wconf 84' lang='lat' dir='ltr'><strong>&#39;mdeonstem</strong></span> <span class='ocrx_word' id='word_1_243' title='bbox 298 3004 379 3067; x_wconf 83' lang='lat' dir='ltr'><strong>silita,</strong></span> <span class='ocrx_word' id='word_1_244' title='bbox 388 3003 493 3055; x_wconf 73' lang='lat' dir='ltr'><strong>smumis</strong></span> <span class='ocrx_word' id='word_1_245' title='bbox 505 3002 653 3054; x_wconf 87' lang='lat' dir='ltr'><strong>medentur.</strong></span> <span class='ocrx_word' id='word_1_246' title='bbox 692 3006 748 3051; x_wconf 82' lang='lat' dir='ltr'><strong>tum</strong></span> <span class='ocrx_word' id='word_1_247' title='bbox 758 3000 874 3064; x_wconf 82' lang='lat' dir='ltr'><strong>Jupiter.</strong></span> <span class='ocrx_word' id='word_1_248' title='bbox 907 2998 959 3051; x_wconf 79' lang='lat' dir='ltr'><strong>tta</strong></span> <span class='ocrx_word' id='word_1_249' title='bbox 975 3000 1228 3051; x_wconf 82' lang='lat' dir='ltr'><strong>Pensenndemro·</strong></span> 
     </span>
     <span class='ocr_line' id='line_1_30' title="bbox 118 3075 1229 3141; baseline -0.002 -13"><span class='ocrx_word' id='word_1_250' title='bbox 118 3075 241 3141; x_wconf 71' lang='lat' dir='ltr'><strong>lepores.</strong></span> <span class='ocrx_word' id='word_1_251' title='bbox 692 3082 763 3127; x_wconf 84' lang='lat' dir='ltr'><strong>cent.</strong></span> <span class='ocrx_word' id='word_1_252' title='bbox 790 3076 870 3125; x_wconf 86' lang='lat' dir='ltr'><strong>Multi</strong></span> <span class='ocrx_word' id='word_1_253' title='bbox 884 3075 1229 3141; x_wconf 67' lang='lat' dir='ltr'><strong>existimautSerapinesse,</strong></span> 
     </span>
    </p>

    <p class='ocr_par' dir='ltr' id='par_1_10' title="bbox 119 3151 1232 4129">
     <span class='ocr_line' id='line_1_31' title="bbox 149 3151 1141 3220; baseline -0.006 -13"><span class='ocrx_word' id='word_1_254' title='bbox 149 3158 161 3186; x_wconf 83' lang='lat'>⁸</span> <span class='ocrx_word' id='word_1_255' title='bbox 176 3154 312 3220; x_wconf 75' lang='lat' dir='ltr'><strong>Serapidis]</strong></span> <span class='ocrx_word' id='word_1_256' title='bbox 327 3156 447 3206; x_wconf 79' lang='lat' dir='ltr'><strong>Macrob.</strong></span> <span class='ocrx_word' id='word_1_257' title='bbox 459 3156 477 3205; x_wconf 93' lang='lat' dir='ltr'><strong>l.</strong></span> <span class='ocrx_word' id='word_1_258' title='bbox 490 3170 510 3208; x_wconf 87' lang='lat' dir='ltr'><strong>r.</strong></span> <span class='ocrx_word' id='word_1_259' title='bbox 526 3155 614 3205; x_wconf 87' lang='lat' dir='ltr'><strong>Sntnr.</strong></span> <span class='ocrx_word' id='word_1_260' title='bbox 624 3158 654 3204; x_wconf 78' lang='grc'><strong>7.</strong></span> <span class='ocrx_word' id='word_1_261' title='bbox 693 3167 770 3217; x_wconf 85' lang='lat' dir='ltr'><strong>quem</strong></span> <span class='ocrx_word' id='word_1_262' title='bbox 780 3152 870 3203; x_wconf 78' lang='lat' dir='ltr'><strong>Greci</strong></span> <span class='ocrx_word' id='word_1_263' title='bbox 879 3153 1019 3201; x_wconf 86' lang='lat' dir='ltr'><strong>Plutonem</strong></span> <span class='ocrx_word' id='word_1_264' title='bbox 1030 3151 1141 3213; x_wconf 69' lang='lat' dir='ltr'><strong>putant!</strong></span> 
     </span>
     <span class='ocr_line' id='line_1_32' title="bbox 119 3226 1229 3299; baseline 0.002 -20"><span class='ocrx_word' id='word_1_265' title='bbox 119 3228 204 3293; x_wconf 59' lang='lat' dir='ltr'><strong>illlam</strong></span> <span class='ocrx_word' id='word_1_266' title='bbox 225 3233 289 3297; x_wconf 85' lang='lat' dir='ltr'><strong>qnia</strong></span> <span class='ocrx_word' id='word_1_267' title='bbox 306 3232 484 3299; x_wconf 84' lang='lat' dir='ltr'><strong>nunqnaml&#39;as</strong></span> <span class='ocrx_word' id='word_1_268' title='bbox 495 3232 652 3299; x_wconf 80' lang='lat' dir='ltr'><strong>luitAEgyp·</strong></span> <span class='ocrx_word' id='word_1_269' title='bbox 725 3227 853 3279; x_wconf 61' lang='lat' dir='ltr'><strong>*fanus</strong></span> <span class='ocrx_word' id='word_1_270' title='bbox 871 3227 988 3277; x_wconf 71' lang='lat' dir='ltr'><strong>mano</strong></span> <span class='ocrx_word' id='word_1_271' title='bbox 1003 3226 1118 3290; x_wconf 69' lang='lat' dir='ltr'><strong>mure]</strong></span> <span class='ocrx_word' id='word_1_272' title='bbox 1141 3228 1229 3281; x_wconf 71' lang='lat' dir='ltr'><strong>Quam</strong></span> 
     </span>
     <span class='ocr_line' id='line_1_33' title="bbox 119 3302 1229 3374; baseline -0.001 -18"><span class='ocrx_word' id='word_1_273' title='bbox 119 3302 170 3368; x_wconf 83' lang='lat' dir='ltr'><strong>tiis,</strong></span> <span class='ocrx_word' id='word_1_274' title='bbox 179 3308 325 3372; x_wconf 79' lang='lat' dir='ltr'><strong>pecudibus</strong></span> <span class='ocrx_word' id='word_1_275' title='bbox 335 3315 381 3358; x_wconf 81' lang='lat' dir='ltr'><strong>snt</strong></span> <span class='ocrx_word' id='word_1_276' title='bbox 392 3310 524 3372; x_wconf 75' lang='lat' dir='ltr'><strong>sanguine,</strong></span> <span class='ocrx_word' id='word_1_277' title='bbox 538 3309 584 3358; x_wconf 78' lang='lat' dir='ltr'><strong>sed</strong></span> <span class='ocrx_word' id='word_1_278' title='bbox 594 3324 653 3374; x_wconf 68' lang='lat' dir='ltr'><strong>prs.</strong></span> <span class='ocrx_word' id='word_1_279' title='bbox 692 3304 820 3354; x_wconf 85' lang='lat' dir='ltr'><strong>inducunt</strong></span> <span class='ocrx_word' id='word_1_280' title='bbox 831 3303 968 3353; x_wconf 77' lang='lat' dir='ltr'><strong>adulantes</strong></span> <span class='ocrx_word' id='word_1_281' title='bbox 987 3318 1069 3367; x_wconf 72' lang='lat' dir='ltr'><strong>sepe,</strong></span> <span class='ocrx_word' id='word_1_282' title='bbox 1085 3303 1165 3353; x_wconf 86' lang='lat' dir='ltr'><strong>etiarn</strong></span> <span class='ocrx_word' id='word_1_283' title='bbox 1176 3316 1229 3355; x_wconf 83' lang='lat' dir='ltr'><strong>uon</strong></span> 
     </span>
     <span class='ocr_line' id='line_1_34' title="bbox 120 3379 1231 3449; baseline -0.002 -18"><span class='ocrx_word' id='word_1_284' title='bbox 120 3380 192 3433; x_wconf 82' lang='lat' dir='ltr'><strong>eibos</strong></span> <span class='ocrx_word' id='word_1_285' title='bbox 207 3390 238 3434; x_wconf 87' lang='lat' dir='ltr'><strong>et</strong></span> <span class='ocrx_word' id='word_1_286' title='bbox 253 3384 329 3433; x_wconf 85' lang='lat' dir='ltr'><strong>thure</strong></span> <span class='ocrx_word' id='word_1_287' title='bbox 340 3384 395 3435; x_wconf 90' lang='lat' dir='ltr'><strong>solo</strong></span> <span class='ocrx_word' id='word_1_288' title='bbox 406 3386 510 3448; x_wconf 82' lang='lat' dir='ltr'><strong>placare</strong></span> <span class='ocrx_word' id='word_1_289' title='bbox 521 3386 603 3449; x_wconf 83' lang='lat' dir='ltr'><strong>Deos,</strong></span> <span class='ocrx_word' id='word_1_290' title='bbox 613 3386 653 3436; x_wconf 87' lang='lat' dir='ltr'><strong>bis</strong></span> <span class='ocrx_word' id='word_1_291' title='bbox 692 3388 787 3444; x_wconf 87' lang='lat' dir='ltr'><strong>sponte</strong></span> <span class='ocrx_word' id='word_1_292' title='bbox 797 3379 1027 3441; x_wconf 86' lang='lat' dir='ltr'><strong>dominantium,et</strong></span> <span class='ocrx_word' id='word_1_293' title='bbox 1036 3379 1183 3429; x_wconf 77' lang='lat' dir='ltr'><strong>reluctante</strong></span> <span class='ocrx_word' id='word_1_294' title='bbox 1191 3379 1231 3445; x_wconf 85' lang='lat' dir='ltr'><strong>ip-</strong></span> 
     </span>
     <span class='ocr_line' id='line_1_35' title="bbox 121 3455 1230 3510; baseline 0 -4"><span class='ocrx_word' id='word_1_295' title='bbox 121 3462 206 3509; x_wconf 83' lang='lat' dir='ltr'><strong>antom</strong></span> <span class='ocrx_word' id='word_1_296' title='bbox 226 3458 326 3508; x_wconf 85' lang='lat' dir='ltr'><strong>duobus</strong></span> <span class='ocrx_word' id='word_1_297' title='bbox 343 3458 449 3508; x_wconf 85' lang='lat' dir='ltr'><strong>sdvenis</strong></span> <span class='ocrx_word' id='word_1_298' title='bbox 468 3460 560 3509; x_wconf 81' lang='lat' dir='ltr'><strong>hostire</strong></span> <span class='ocrx_word' id='word_1_299' title='bbox 577 3465 653 3510; x_wconf 86' lang='lat' dir='ltr'><strong>erant</strong></span> <span class='ocrx_word' id='word_1_300' title='bbox 694 3472 782 3507; x_wconf 84' lang='lat' dir='ltr'><strong>torum</strong></span> <span class='ocrx_word' id='word_1_301' title='bbox 794 3456 930 3508; x_wconf 85' lang='lat' dir='ltr'><strong>modestia.</strong></span> <span class='ocrx_word' id='word_1_302' title='bbox 962 3455 1095 3506; x_wconf 80' lang='lat' dir='ltr'><strong>Plutarch.</strong></span> <span class='ocrx_word' id='word_1_303' title='bbox 1111 3455 1145 3505; x_wconf 89' lang='lat' dir='ltr'><strong>de</strong></span> <span class='ocrx_word' id='word_1_304' title='bbox 1156 3456 1230 3507; x_wconf 83' lang='lat' dir='ltr'><strong>Fott.</strong></span> 
     </span>
     <span class='ocr_line' id='line_1_36' title="bbox 121 3531 1230 3586; baseline -0.001 -4"><span class='ocrx_word' id='word_1_305' title='bbox 121 3544 154 3581; x_wconf 80' lang='lat' dir='ltr'><strong>ex</strong></span> <span class='ocrx_word' id='word_1_306' title='bbox 172 3548 245 3583; x_wconf 89' lang='lat' dir='ltr'><strong>more</strong></span> <span class='ocrx_word' id='word_1_307' title='bbox 256 3534 418 3584; x_wconf 80' lang='lat' dir='ltr'><strong>maetandoe:</strong></span> <span class='ocrx_word' id='word_1_308' title='bbox 435 3534 496 3584; x_wconf 84' lang='lat' dir='ltr'><strong>fana</strong></span> <span class='ocrx_word' id='word_1_309' title='bbox 507 3550 596 3586; x_wconf 88' lang='lat' dir='ltr'><strong>eorum</strong></span> <span class='ocrx_word' id='word_1_310' title='bbox 609 3550 654 3585; x_wconf 81' lang='lat' dir='ltr'><strong>ex·</strong></span> <span class='ocrx_word' id='word_1_311' title='bbox 695 3540 741 3583; x_wconf 85' lang='lat' dir='ltr'><strong>aot</strong></span> <span class='ocrx_word' id='word_1_312' title='bbox 753 3533 813 3583; x_wconf 82' lang='lat' dir='ltr'><strong>virt.</strong></span> <span class='ocrx_word' id='word_1_313' title='bbox 827 3532 984 3581; x_wconf 74' lang='lat' dir='ltr'><strong>Alexandri:</strong></span> <span class='ocrx_word' id='word_1_314' title='bbox 1001 3533 1009 3560; x_wconf 83' lang='lat'>⁸</span> <span class='ocrx_word' id='word_1_315' title='bbox 1022 3531 1074 3581; x_wconf 83' lang='lat' dir='ltr'><strong>Sed</strong></span> <span class='ocrx_word' id='word_1_316' title='bbox 1091 3545 1160 3581; x_wconf 84' lang='lat' dir='ltr'><strong>nnnc</strong></span> <span class='ocrx_word' id='word_1_317' title='bbox 1173 3545 1230 3581; x_wconf 83' lang='lat' dir='ltr'><strong>non</strong></span> 
     </span>
     <span class='ocr_line' id='line_1_37' title="bbox 121 3606 1232 3674; baseline -0.003 -16"><span class='ocrx_word' id='word_1_318' title='bbox 121 3612 162 3658; x_wconf 76' lang='lat' dir='ltr'><strong>na</strong></span> <span class='ocrx_word' id='word_1_319' title='bbox 177 3610 329 3674; x_wconf 78' lang='lat' dir='ltr'><strong>pomerium</strong></span> <span class='ocrx_word' id='word_1_320' title='bbox 350 3611 512 3673; x_wconf 82' lang='lat' dir='ltr'><strong>locaverunt,</strong></span> <span class='ocrx_word' id='word_1_321' title='bbox 532 3618 562 3659; x_wconf 90' lang='lat' dir='ltr'><strong>ut</strong></span> <span class='ocrx_word' id='word_1_322' title='bbox 576 3618 604 3661; x_wconf 93' lang='lat' dir='ltr'><strong>et</strong></span> <span class='ocrx_word' id='word_1_323' title='bbox 615 3610 654 3661; x_wconf 92' lang='lat' dir='ltr'><strong>illi</strong></span> <span class='ocrx_word' id='word_1_324' title='bbox 695 3610 753 3658; x_wconf 80' lang='lat' dir='ltr'><strong>illes</strong></span> <span class='ocrx_word' id='word_1_325' title='bbox 772 3608 943 3672; x_wconf 83' lang='lat' dir='ltr'><strong>expendimus</strong></span> <span class='ocrx_word' id='word_1_326' title='bbox 964 3607 1103 3658; x_wconf 82' lang='lat' dir='ltr'><strong>verborum</strong></span> <span class='ocrx_word' id='word_1_327' title='bbox 1117 3606 1232 3655; x_wconf 70' lang='lat' dir='ltr'><strong>insoles·</strong></span> 
     </span>
     <span class='ocr_line' id='line_1_38' title="bbox 122 3682 1231 3749; baseline -0.004 -14"><span class='ocrx_word' id='word_1_328' title='bbox 122 3683 242 3735; x_wconf 72' lang='lat' dir='ltr'><strong>nmifioii</strong></span> <span class='ocrx_word' id='word_1_329' title='bbox 258 3684 356 3733; x_wconf 84' lang='lat' dir='ltr'><strong>solenni</strong></span> <span class='ocrx_word' id='word_1_330' title='bbox 375 3684 425 3733; x_wconf 89' lang='lat' dir='ltr'><strong>sibi</strong></span> <span class='ocrx_word' id='word_1_331' title='bbox 436 3698 529 3734; x_wconf 88' lang='lat' dir='ltr'><strong>cruore</strong></span> <span class='ocrx_word' id='word_1_332' title='bbox 539 3685 655 3736; x_wconf 84' lang='lat' dir='ltr'><strong>relereu-</strong></span> <span class='ocrx_word' id='word_1_333' title='bbox 695 3686 756 3748; x_wconf 90' lang='lat' dir='ltr'><strong>ties,</strong></span> <span class='ocrx_word' id='word_1_334' title='bbox 766 3700 830 3749; x_wconf 84' lang='lat' dir='ltr'><strong>quas</strong></span> <span class='ocrx_word' id='word_1_335' title='bbox 840 3683 983 3733; x_wconf 83' lang='lat' dir='ltr'><strong>simulacris</strong></span> <span class='ocrx_word' id='word_1_336' title='bbox 997 3684 1055 3747; x_wconf 84' lang='lat' dir='ltr'><strong>ejus</strong></span> <span class='ocrx_word' id='word_1_337' title='bbox 1075 3682 1168 3732; x_wconf 75' lang='lat' dir='ltr'><strong>Po&#39;e&#39;te</strong></span> <span class='ocrx_word' id='word_1_338' title='bbox 1178 3688 1231 3732; x_wconf 80' lang='lat' dir='ltr'><strong>ets·</strong></span> 
     </span>
     <span class='ocr_line' id='line_1_39' title="bbox 121 3756 1231 3826; baseline -0.004 -15"><span class='ocrx_word' id='word_1_339' title='bbox 121 3766 179 3812; x_wconf 80' lang='lat' dir='ltr'><strong>tur:</strong></span> <span class='ocrx_word' id='word_1_340' title='bbox 198 3776 246 3811; x_wconf 87' lang='lat' dir='ltr'><strong>nee</strong></span> <span class='ocrx_word' id='word_1_341' title='bbox 260 3768 347 3811; x_wconf 86' lang='lat' dir='ltr'><strong>tamen</strong></span> <span class='ocrx_word' id='word_1_342' title='bbox 359 3762 457 3811; x_wconf 72' lang='lat' dir='ltr'><strong>urbana</strong></span> <span class='ocrx_word' id='word_1_343' title='bbox 468 3763 566 3824; x_wconf 88' lang='lat' dir='ltr'><strong>templa</strong></span> <span class='ocrx_word' id='word_1_344' title='bbox 578 3776 655 3825; x_wconf 84' lang='lat' dir='ltr'><strong>pecn-</strong></span> <span class='ocrx_word' id='word_1_345' title='bbox 696 3761 800 3826; x_wconf 86' lang='lat' dir='ltr'><strong>tuisque</strong></span> <span class='ocrx_word' id='word_1_346' title='bbox 811 3760 963 3824; x_wconf 83' lang='lat' dir='ltr'><strong>adaoolpere</strong></span> <span class='ocrx_word' id='word_1_347' title='bbox 980 3761 1076 3819; x_wconf 88' lang='lat' dir='ltr'><strong>solent,</strong></span> <span class='ocrx_word' id='word_1_348' title='bbox 1086 3772 1138 3807; x_wconf 90' lang='lat' dir='ltr'><strong>non</strong></span> <span class='ocrx_word' id='word_1_349' title='bbox 1148 3756 1182 3807; x_wconf 87' lang='lat' dir='ltr'><strong>ad</strong></span> <span class='ocrx_word' id='word_1_350' title='bbox 1192 3758 1231 3822; x_wconf 84' lang='lat' dir='ltr'><strong>lp·</strong></span> 
     </span>
     <span class='ocr_line' id='line_1_40' title="bbox 122 3833 1232 3898; baseline 0 -14"><span class='ocrx_word' id='word_1_351' title='bbox 122 3834 181 3886; x_wconf 86' lang='lat' dir='ltr'><strong>dum</strong></span> <span class='ocrx_word' id='word_1_352' title='bbox 192 3844 275 3886; x_wconf 83' lang='lat' dir='ltr'><strong>morte</strong></span> <span class='ocrx_word' id='word_1_353' title='bbox 286 3837 470 3898; x_wconf 88' lang='lat' dir='ltr'><strong>polluerentur.</strong></span> <span class='ocrx_word' id='word_1_354' title='bbox 488 3838 593 3887; x_wconf 86' lang='lat' dir='ltr'><strong>Nullum</strong></span> <span class='ocrx_word' id='word_1_355' title='bbox 605 3838 655 3889; x_wconf 89' lang='lat' dir='ltr'><strong>its·</strong></span> <span class='ocrx_word' id='word_1_356' title='bbox 695 3836 748 3886; x_wconf 89' lang='lat' dir='ltr'><strong>sius</strong></span> <span class='ocrx_word' id='word_1_357' title='bbox 759 3835 922 3897; x_wconf 76' lang='lat' dir='ltr'><strong>modestiam,</strong></span> <span class='ocrx_word' id='word_1_358' title='bbox 932 3835 978 3884; x_wconf 88' lang='lat' dir='ltr'><strong>sed</strong></span> <span class='ocrx_word' id='word_1_359' title='bbox 990 3837 1022 3882; x_wconf 85' lang='lat' dir='ltr'><strong>sd</strong></span> <span class='ocrx_word' id='word_1_360' title='bbox 1035 3848 1097 3896; x_wconf 85' lang='lat' dir='ltr'><strong>opes</strong></span> <span class='ocrx_word' id='word_1_361' title='bbox 1109 3833 1194 3897; x_wconf 86' lang='lat' dir='ltr'><strong>potlns</strong></span> <span class='ocrx_word' id='word_1_362' title='bbox 1202 3838 1232 3884; x_wconf 86' lang='lat' dir='ltr'><strong>et</strong></span> 
     </span>
     <span class='ocr_line' id='line_1_41' title="bbox 123 3910 1232 3977; baseline -0.001 -16"><span class='ocrx_word' id='word_1_363' title='bbox 123 3922 171 3974; x_wconf 81' lang='lat' dir='ltr'><strong>que</strong></span> <span class='ocrx_word' id='word_1_364' title='bbox 191 3910 298 3975; x_wconf 73' lang='lat' dir='ltr'><strong>AEgypti</strong></span> <span class='ocrx_word' id='word_1_365' title='bbox 326 3911 453 3975; x_wconf 90' lang='lat' dir='ltr'><strong>oppidum</strong></span> <span class='ocrx_word' id='word_1_366' title='bbox 477 3914 547 3964; x_wconf 89' lang='lat' dir='ltr'><strong>intra</strong></span> <span class='ocrx_word' id='word_1_367' title='bbox 567 3929 653 3965; x_wconf 88' lang='lat' dir='ltr'><strong>muros</strong></span> <span class='ocrx_word' id='word_1_368' title='bbox 696 3910 1032 3977; x_wconf 72' lang='lat' dir='ltr'><strong>potentiemsttendentss3</strong></span> <span class='ocrx_word' id='word_1_369' title='bbox 1049 3910 1232 3974; x_wconf 84' lang='lat' dir='ltr'><strong>cujttsmodiil·</strong></span> 
     </span>
     <span class='ocr_line' id='line_1_42' title="bbox 123 3986 1232 4055; baseline -0.002 -18"><span class='ocrx_word' id='word_1_370' title='bbox 123 3999 191 4051; x_wconf 81' lang='lat' dir='ltr'><strong>tuos,</strong></span> <span class='ocrx_word' id='word_1_371' title='bbox 200 3994 247 4038; x_wconf 85' lang='lat' dir='ltr'><strong>sut</strong></span> <span class='ocrx_word' id='word_1_372' title='bbox 257 3988 373 4051; x_wconf 81' lang='lat' dir='ltr'><strong>Saturni,</strong></span> <span class='ocrx_word' id='word_1_373' title='bbox 391 3997 439 4040; x_wconf 87' lang='lat' dir='ltr'><strong>aut</strong></span> <span class='ocrx_word' id='word_1_374' title='bbox 450 3990 555 4055; x_wconf 75' lang='lat' dir='ltr'><strong>Serapis</strong></span> <span class='ocrx_word' id='word_1_375' title='bbox 566 3990 655 4043; x_wconf 81' lang='lat' dir='ltr'><strong>lenum</strong></span> <span class='ocrx_word' id='word_1_376' title='bbox 696 3988 740 4038; x_wconf 91' lang='lat' dir='ltr'><strong>lud</strong></span> <span class='ocrx_word' id='word_1_377' title='bbox 752 3994 810 4046; x_wconf 78' lang='lat' dir='ltr'><strong>est:</strong></span> <span class='ocrx_word' id='word_1_378' title='bbox 826 3988 918 4037; x_wconf 77' lang='lat' dir='ltr'><strong>AErens</strong></span> <span class='ocrx_word' id='word_1_379' title='bbox 929 3986 956 4035; x_wconf 90' lang='lat' dir='ltr'><strong>in</strong></span> <span class='ocrx_word' id='word_1_380' title='bbox 967 3987 1232 4049; x_wconf 63' lang='lat' dir='ltr'><strong>colummannus,</strong></span> 
     </span>
     <span class='ocr_line' id='line_1_43' title="bbox 124 4062 1232 4129; baseline 0.001 -17"><span class='ocrx_word' id='word_1_381' title='bbox 124 4062 242 4127; x_wconf 69' lang='lat' dir='ltr'><strong>recepit!</strong></span> <span class='ocrx_word' id='word_1_382' title='bbox 694 4063 760 4127; x_wconf 85' lang='lat' dir='ltr'><strong>lere,</strong></span> <span class='ocrx_word' id='word_1_383' title='bbox 771 4064 834 4129; x_wconf 87' lang='lat' dir='ltr'><strong>quid</strong></span> <span class='ocrx_word' id='word_1_384' title='bbox 845 4064 915 4114; x_wconf 80' lang='lat' dir='ltr'><strong>aiat:</strong></span> <span class='ocrx_word' id='word_1_385' title='bbox 932 4063 1047 4127; x_wconf 83' lang='lat' dir='ltr'><strong>Jupiter,</strong></span> <span class='ocrx_word' id='word_1_386' title='bbox 1063 4062 1160 4113; x_wconf 83' lang='lat' dir='ltr'><strong>asserui</strong></span> <span class='ocrx_word' id='word_1_387' title='bbox 1179 4070 1232 4115; x_wconf 86' lang='lat' dir='ltr'><strong>ter·</strong></span> 
     </span>
    </p>

    <p class='ocr_par' dir='ltr' id='par_1_11' title="bbox 124 4136 1266 4284">
     <span class='ocr_line' id='line_1_44' title="bbox 154 4136 1266 4204; baseline 0 -14"><span class='ocrx_word' id='word_1_388' title='bbox 154 4136 288 4204; x_wconf 74' lang='lat' dir='ltr'><strong>Serapidis]</strong></span> <span class='ocrx_word' id='word_1_389' title='bbox 305 4138 416 4190; x_wconf 90' lang='lat' dir='ltr'><strong>Diodor.</strong></span> <span class='ocrx_word' id='word_1_390' title='bbox 429 4139 656 4193; x_wconf 78' lang='lat' dir='ltr'><strong>Siculllistlr.</strong></span> <span class='ocrx_word' id='word_1_391' title='bbox 695 4154 750 4190; x_wconf 88' lang='lat' dir='ltr'><strong>ram</strong></span> <span class='ocrx_word' id='word_1_392' title='bbox 763 4139 836 4201; x_wconf 86' lang='lat' dir='ltr'><strong>mihi,</strong></span> <span class='ocrx_word' id='word_1_393' title='bbox 848 4147 877 4190; x_wconf 92' lang='lat' dir='ltr'><strong>tn</strong></span> <span class='ocrx_word' id='word_1_394' title='bbox 887 4154 974 4190; x_wconf 83' lang='lat' dir='ltr'><strong>essere</strong></span> <span class='ocrx_word' id='word_1_395' title='bbox 985 4139 1098 4191; x_wconf 77' lang='lat' dir='ltr'><strong>eoelm’</strong></span> <span class='ocrx_word' id='word_1_396' title='bbox 1129 4141 1233 4191; x_wconf 72' lang='lat' dir='ltr'><strong>Etrus·</strong></span> <span class='ocrx_word' id='word_1_397' title='bbox 1256 4144 1266 4157; x_wconf 89' lang='lat'><strong><em>‘</em></strong></span> 
     </span>
     <span class='ocr_line' id='line_1_45' title="bbox 124 4210 1232 4284; baseline 0.001 -20"><span class='ocrx_word' id='word_1_398' title='bbox 124 4210 298 4265; x_wconf 82' lang='lat' dir='ltr'><strong>‘Osirisvero</strong></span> <span class='ocrx_word' id='word_1_399' title='bbox 309 4214 656 4284; x_wconf 78' lang='lat' dir='ltr'><strong>temserapisdieitnr,tnm</strong></span> <span class='ocrx_word' id='word_1_400' title='bbox 695 4228 756 4265; x_wconf 86' lang='lat' dir='ltr'><strong>sus:</strong></span> <span class='ocrx_word' id='word_1_401' title='bbox 784 4214 957 4267; x_wconf 74' lang='lat' dir='ltr'><strong>‘Alexander</strong></span> <span class='ocrx_word' id='word_1_402' title='bbox 977 4230 1028 4281; x_wconf 89' lang='lat' dir='ltr'><strong>ego</strong></span> <span class='ocrx_word' id='word_1_403' title='bbox 1047 4216 1116 4269; x_wconf 70' lang='lat' dir='ltr'><strong>,lore</strong></span> <span class='ocrx_word' id='word_1_404' title='bbox 1135 4214 1232 4266; x_wconf 85' lang='lat' dir='ltr'><strong>natos.&#39;</strong></span> 
     </span>
    </p>
   </div>
   <div class='ocr_carea' id='block_1_8' title="bbox 0 0 1488 4742">
    <p class='ocr_par' dir='ltr' id='par_1_12' title="bbox 0 0 1488 4742">
     <span class='ocr_line' id='line_1_46' title="bbox 0 0 1488 4742; baseline 0 0"><span class='ocrx_word' id='word_1_405' title='bbox 0 0 1488 4742; x_wconf 95' lang='lat' dir='ltr'><strong> </strong></span> 
     </span>
    </p>
   </div>
  </div>
 </body>
</html>
