2925 4742
237 304 325 374 8008
583 317 615 368 c.
637 317 820 366 connnnrr
843 316 972 367 rscrrt
1178 323 1352 389 [ausas.

238 466 403 544 Ceterum,
433 483 475 530 eo
500 464 641 530 Senatus
669 463 736 540 die,
757 483 824 546 qno
855 461 924 528 ‘de
951 461 1097 546 Imperio
1126 461 1352 546 vespasiant’

237 570 427 644 censebant,
443 565 617 649 placuerat
638 566 751 632 ‘mitti
776 566 820 630 ad
841 566 1032 649 Principem
1052 564 1201 647 legatos!
1245 564 1353 630 Hinc

234 671 318 734 inter
333 667 531 733 Helvidium
545 673 578 730 et
591 665 731 750 Eprium
755 686 834 731 acre
852 667 1008 750 jurgium.
1059 666 1210 745 Priscus,
1233 664 1354 747 ‘eligi

235 770 430 836 nominatim
458 788 480 833 a
509 767 762 850 Magistratibus
783 767 926 852 juratis,'
963 767 1148 833 Marcellus
1186 766 1352 834 ‘umam'

235 871 427 954 postulabat
438 875 463 933 :4
483 889 561 952 quae
576 867 735 933 Consulis
748 858 909 951 designati
924 871 1089 934 sententia
1101 869 1218 934 fuerat.

276 972 312 1035 7.
342 970 410 1035 Sed
436 969 590 1035 Marcelli
613 969 759 1034 studium
782 970 936 1052 proprius
958 971 1059 1035 rubor
1083 971 1264 1049 excitabat,
1285 990 1348 1046 nc,

236 1073 313 1138 aliis
327 1073 452 1150 electis,
466 1071 689 1154 posthabitus¹
712 1069 903 1135 crederetur.
948 1069 1183 1155 Paulatimque
1204 1091 1264 1155 per
1290 1073 1349 1136 al-

234 1174 447 1240 tercationem
462 1170 507 1236 ad
522 1171 697 1235 continuas
712 1175 745 1234 et
758 1170 896 1234 infestas
907 1173 1073 1236 orationes
1085 1174 1235 1255 provecti
1248 1178 1348 1248 sunt,

130 1293 135 1306 ·
235 1261 402 1359 quaerente
417 1271 591 1364 Helvidio,
616 1268 720 1356 ‘qnid
745 1271 795 1334 ita
818 1269 1000 1336 Marcellus
1018 1271 1183 1355 judicium
1209 1273 1348 1356 Magis·

234 1381 373 1442 tratnum
389 1375 604 1458 pavesceretl
627 1391 702 1436 esse
717 1373 765 1436 illi
777 1374 955 1455 pecuniam
967 1378 1000 1436 et
1013 1374 1248 1455 eloquentiam,
1260 1375 1347 1458 quis

234 1479 356 1542 multos
378 1476 525 1552 anteiret,
541 1476 573 1540 ni
598 1473 761 1539 memoria
783 1474 983 1556 flagitiorum
1002 1483 1195 1557 urgeretur.²
1239 1476 1346 1542 Sorte

235 1586 268 1642 et
292 1597 374 1642 uma
398 1595 505 1642 mores
528 1594 592 1640 non
618 1576 786 1641 discerni:
825 1575 983 1659 suffragia
1003 1583 1037 1640 et
1055 1578 1347 1644 existimationem

234 1681 373 1745 Senatus
388 1685 531 1762 reperta,
545 1683 584 1742 ut
599 1680 633 1742 in
657 1679 829 1763 cujusque3
845 1681 948 1743 vitam
962 1678 1168 1763 famamque4
1181 1685 1345 1764 penetra·

233 1785 322 1845 rent:
353 1780 512 1863 pertinere
526 1780 570 1844 ad
584 1779 757 1843 utilitatem
775 1779 1000 1863 Reipublicae,
1015 1783 1176 1863 pertinere
1189 1781 1233 1844 ad
1248 1781 1345 1846 Ves-

231 1881 363 1965 pasiani
375 1881 542 1958 honorem,
557 1899 730 1944 occurrere
745 1880 807 1959 illi,
822 1900 908 1964 quos
930 1881 1216 1947 innocentissimos
1231 1881 1344 1947 Sena-

225 1989 287 2068 tus
301 1981 435 2060 habeat,
451 1983 509 2065 qui
531 1982 682 2046 honestis
705 1984 913 2047 sermonibus
928 2002 1026 2047 aures
1041 1982 1259 2067 Imperatoris
1273 1985 1342 2048 im-

211 2087 345 2149 'buaut
398 2083 519 2147 Fuisse
540 2082 751 2167 Vespasiano
778 2084 961 2150 amicitiam
985 2104 1062 2149 cnm
1086 2085 1246 2164 Thrasea,
1273 2087 1341 2152 So-

234 2203 326 2264 rano,
355 2185 471 2252 Sentio
484 2193 506 2246 =⁵
543 2203 684 2268 quorum
713 2192 939 2262 accusatores,
967 2185 1101 2249 etiamst
1128 2187 1238 2269 puniri
1266 2207 1341 2252 non

232 2380 326 2424 senum
343 2374 376 2424 de
393 2373 541 2439 principato
552 2375 703 2438 Vespasiani
719 2375 891 2437 muniatur,
908 2377 1026 2427 &maan
1043 2380 1103 2439 nst,
1119 2381 1150 2425 ut
1166 2376 1340 2427 mitterentur

232 2439 312 2502 legati
322 2438 355 2488 ad
367 2439 559 2501 imperatorem.
596 2441 663 2488 Unde
673 2445 746 2488 otrox
762 2445 879 2489 certamen
890 2448 974 2490 ortum
986 2448 1026 2491 est
1036 2442 1100 2490 ister
1111 2440 1221 2490 Ριίκιιιιι
1232 2447 1255 2490 et
1265 2442 1338 2490 Mar·

231 2503 324 2552 cedam.
360 2504 455 2552 Priscus
473 2500 618 2565 flagitabat,
629 2504 718 2552 ascisci
736 2504 885 2553 nominatim
904 2507 995 2567 hyatu
1011 2520 1027 2555 ιι
1044 2505 1244 2568 magistratibus,
1254 2506 1339 2556 inter-

232 2567 317 2631 posito
325 2566 507 2630 jurejurando,
520 2567 609 2630 Eprius
619 2574 716 2616 sortem
724 2568 875 2630 meacm
890 2575 914 2618 et
925 2571 960 2618 sie
968 2574 1088 2619 resanat
1099 2571 1179 2618 mut
1187 2571 1338 2631 eluimus.

265 2629 312 2680 Sed
324 2631 434 2680 Marcelli
444 2631 558 2680 ambitam
575 2631 684 2693 propriu
694 2631 810 2680 incitabat
825 2635 913 2696 pudor,
924 2649 963 2696 ne,
972 2634 1028 2684 otiis
1045 2634 1261 2695 maceriensi
1270 2635 1339 2683 cide-

231 2699 306 2744 retur.
340 2694 475 2758 Sermone
483 2709 528 2757 per
537 2695 632 2756 jurgia,
642 2695 673 2742 ad
681 2701 808 2758 perpetuus
817 2696 964 2761 tescumque
978 2699 1096 2747 orationes
1105 2701 1227 2758 dms,
1235 2698 1338 2747 tem-

230 2763 304 2820 guste
316 2757 408 2821 Prisco,
419 2773 466 2807 cur
477 2764 616 2836 tantopere
629 2758 759 2808 delectum
771 2760 968 2824 magistratuum
977 2763 1129 2812 exhorreret
1139 2761 1250 2826 Eprius?
1275 2777 1336 2811 esse

231 2822 269 2870 illi
279 2837 352 2886 opes,
362 2837 410 2872 esse
421 2829 448 2872 et
459 2821 615 2886 facundiam,
622 2822 718 2936 guribus
729 2823 841 2874 mbeidiis
850 2826 945 2875 multos
956 2826 1136 2888 antecelleret,
1143 2826 1193 2875 nisi
1203 2827 1338 2876 conscien-

230 2886 270 2936 tia
280 2887 405 2936 scelernm
418 2895 589 2950 premeretur.
641 2893 697 2936 orte
714 2893 742 2937 et
761 2903 827 2937 urna
837 2889 915 2938 vitam
928 2904 979 2940 nou
990 2890 1108 2954 dignosci
1120 2897 1165 2940 aut
1182 2893 1335 2953 penetrari:

231 2952 387 3000 sententiam
406 2959 435 3001 et
448 2951 576 3015 judicium
588 2958 691 3015 patrum
702 2951 843 3002 adinventa
850 2968 908 3013 esee,
919 2962 949 3004 nt
959 2955 987 3004 in
997 2957 1122 3020 cujusque
1130 2968 1214 3004 mores
1225 2962 1254 3004 et
1264 2955 1336 3004 exis·

231 3015 389 3066 durationem
408 3015 588 3080 inquirereuts
610 3021 731 3078 spectare
748 3017 781 3066 ad
798 3019 909 3068 saltuem
926 3019 1038 3082 Reipub.
1058 3027 1179 3081 spectare
1189 3019 1222 3068 ad
1231 3021 1336 3082 Vespa-

231 3077 297 3127 siaul
316 3078 434 3154 gloriam,
452 3079 554 3128 obvium
574 3079 610 3128 ire
630 3079 668 3129 illi
685 3079 758 3143 ciros,
776 3095 840 3145 quos
857 3084 1033 3134 sanctissimos
1051 3083 1147 3133 lrabeat
1164 3089 1277 3145 senatus,
1288 3084 1336 3148 qui

231 3143 340 3205 egregiis
359 3141 517 3191 orationibus
529 3157 603 3192 aures
615 3143 739 3208 principia
751 3153 890 3209 occupent.
923 3148 1012 3196 Fuisse
1023 3148 1134 3197 amicum
1144 3148 1335 3211 Vespasianum

230 3207 357 3271 lhrasese,
368 3207 460 3257 Sorani
471 3213 498 3257 et
508 3207 608 3258 Sentii:
634 3208 661 3257 in
673 3223 782 3273 qnorum
793 3209 933 3275 delatores,
942 3213 993 3262 etsl
1004 3212 1174 3262 animadverti
1189 3226 1241 3262 uon
1253 3225 1334 3277 expe·

690 3349 871 3374 “mutuo

261 3451 278 3498 t
294 3448 359 3500 Mss.
372 3447 448 3500 Corh.
459 3457 487 3500 et
497 3449 560 3528 Agr.
569 3453 712 3516 paunteau
723 3467 783 3515 φη.

263 3517 276 3563 1
302 3514 415 3563 Budroe.
433 3515 627 3577 premortua—2
652 3516 696 3565 Ita
716 3517 780 3566 Mas.
798 3515 869 3566 Fler.
886 3511 955 3581 Reg.
975 3511 1051 3568 Harl.
1069 3515 1147 3567 Bodl.
1165 3516 1221 3568 les.
1240 3514 1335 3567 Guelt'.

229 3577 389 3627 Puteolanus
397 3584 426 3626 et
434 3581 601 3630 recentiores.
635 3581 687 3629 his.
698 3579 776 3629 Corb.
788 3585 817 3628 et
826 3579 908 3629 editio
919 3581 1050 3645 princeps,
1058 3597 1088 3631 ac
1097 3582 1211 3644 Lipsius,
1219 3583 1337 3631 moria

222 3643 377 3706 ,ήαςίιὶιηιιι
387 3649 546 3707 urgeret-8·
557 3645 602 3694 Sic
613 3645 663 3693 Ms.
676 3645 745 3694 Flor.
756 3644 839 3693 editio
850 3645 982 3709 princeps,
994 3647 1110 3696 Pichena
1120 3653 1149 3695 et
1159 3646 1336 3696 recentiores.

228 3707 271 3756 Sic
281 3721 382 3770 qrroqne
393 3708 555 3758 emendatum
567 3709 593 3758 io
608 3709 659 3758 Me.
672 3709 749 3758 Bodl.
781 3709 820 3758 st
833 3709 898 3758 Mes.
910 3709 985 3758 llari.
996 3709 1073 3760 Bodl.
1085 3710 1335 3774 pontonates.

229 3771 307 3820 Corb.
328 3779 356 3820 et
374 3771 541 3834 Puteolanus,
552 3778 579 3822 ut
590 3773 828 3836 uniucujusque-4
845 3773 948 3836 Copula
965 3789 1009 3837 que
1026 3790 1042 3823 a
1058 3774 1187 3824 Beroaldo
1198 3774 1336 3824 emises.-

229 3837 243 3883 s
262 3833 304 3884 lta
315 3835 379 3886 Mas.
391 3837 477 3884 Varie.
498 3841 569 3886 leot.
587 3846 615 3885 et
635 3841 706 3887 latit.
741 3839 811 3886 Flor.
824 3837 888 3902 Reg.
899 3836 977 3887 Corb.
990 3838 1071 3888 editio
1084 3839 1214 3902 princeps,
1226 3839 1334 3902 Lipsius

229 3899 256 3946 et
267 3900 435 3948 recentiores.
469 3899 749 3950 InMs.Vstic.1958.
766 3903 869 3950 Sentio.
905 3900 927 3950 Α
946 3901 1051 3952 librario
1070 3903 1275 3966 superadditum,
1287 3903 1335 3952 Se·

228 3963 322 4012 ueticae
333 3969 361 4011 et
373 3964 468 4013 Seuero.
502 3963 661 4013 Puteolanos
673 3965 766 4029 edidit,
782 3965 917 4015 Smedssa
950 3966 1247 4017 Inulaflartsmra.
1276 3965 1332 4017 Ms.

228 4027 285 4076 Jes.
297 4027 401 4076 Secreta
435 4029 486 4077 Ms.
496 4028 574 4077 Bodl.
586 4029 729 4086 Seuetione5
752 4037 781 4079 et
795 4031 822 4079 iu
833 4031 959 4095 margine,
969 4030 1066 4081 &seen
1099 4032 1165 4084 Quis
1175 4030 1256 4081 tirerit
1265 4031 1333 4081 Seu·

229 4090 306 4140 tiusi
343 4097 449 4153 entur,
472 4107 556 4156 neque
573 4107 679 4206 nagnam
698 4101 867 4144 memoratur.
906 4096 987 4146 certe
1002 4111 1075 4147 error
1093 4103 1136 4146 ast
1151 4097 1179 4145 in
1195 4095 1333 4146 m

230 4153 300 4212 Nam
329 4156 420 4206 euecio
439 4171 455 4207 a
471 4156 594 4222 Principe
631 4155 864 4210 omitisnooceisus
874 4166 926 4214 est.
957 4161 1039 4214 Nulla
1048 4157 1331 4218 consumuat·
