2925 4742
212 299 302 368 ebbo
560 313 597 364 c.
620 310 954 364 consensissem
1161 315 1329 381 [nu-sm.

215 459 321 526 multo
348 461 477 522 ceteros
501 454 678 520 anteibunt.
722 452 866 517 Paulum
890 451 1050 517 Fonteius
1076 450 1209 537 Capito,
1233 455 1326 522 folso

215 561 405 627 rebellionis
420 559 566 634 crimine,
581 556 754 620 interfecit.
799 553 936 639 injectus
952 554 1067 619 civile
1084 563 1226 634 osteum,
1241 557 1327 621 mis-

217 681 341 746 susque
367 660 409 724 ad
440 659 605 724 Neronem
630 668 669 722 et
695 678 716 721 a
745 656 857 722 Galba
884 656 1070 735 absolutus,
1095 659 1158 722 sub
1178 656 1326 721 Vitellio

216 782 332 828 rursus
347 763 524 826 discrimen
539 761 646 839 adiit,²
669 761 836 843 flagitante
857 760 1060 842 supplicium
1075 760 1148 843 ejus
1161 761 1328 824 exercitu.

217 865 303 932 lude
317 873 434 930 consue
450 868 581 940 irarum,
597 883 741 948 spesque
753 883 798 928 ex
811 863 909 927 molis
922 865 1057 927 nostris.
1099 862 1167 926 Sed
1191 861 1328 944 Civilis,

217 967 304 1034 nitra
328 986 428 1050 quum
450 967 599 1031 barbaris
613 967 757 1043 solitum,
782 965 916 1047 iugenio
930 965 1047 1041 solers,
1060 970 1094 1028 et
1115 967 1126 997 ‘
1142 964 1329 1030 Sertorium

202 1068 277 1150 *se‚'
291 1076 350 1134 aut
372 1076 382 1104 ⁴
400 1065 635 1133 Hannibalem’
657 1068 775 1146 serens,
797 1067 897 1130 simili
917 1069 983 1131 oris
997 1066 1329 1146 dehonestamento,¹¹

217 1247 281 1300 trist
293 1248 380 1310 cupro
391 1248 492 1296 Poulsss
502 1247 698 1312 interemit,floto
707 1262 737 1295 uc
745 1247 865 1310 mppodto
880 1248 966 1295 molere
979 1245 1153 1310 proeesse
1188 1247 1274 1294 ludite
1285 1245 1330 1294 Gi-

218 1311 263 1361 otii
272 1311 358 1370 moola,
367 1314 494 1374 metusque
504 1313 535 1360 od
547 1311 674 1372 Neronem,
692 1317 715 1360 et
726 1329 742 1358 e
755 1311 833 1360 ouo«
846 1312 958 1360 dissime
965 1329 975 1369 ,·
995 1311 1090 1360 Vitellio
1099 1311 1239 1386 inperante,
1253 1312 1331 1359 desae

218 1376 580 1440 muneremunere
590 1375 689 1424 mium
701 1376 846 1435 mnium
879 1375 947 1423 Hinc
961 1374 1082 1438 principio
1098 1376 1213 1436 odsom,
1233 1379 1258 1423 et
1275 1388 1331 1438 sper

219 1442 435 1492 amburitur
444 1441 539 1490 sostris
572 1439 620 1488 Sed
640 1440 726 1488 Ciuilis
741 1439 821 1489 scisso
838 1454 901 1501 scer,
915 1441 1038 1504 pirsqsms
1052 1439 1167 1489 nsum
1177 1438 1331 1498 turmot

221 1517 250 1556 se
263 1505 334 1558 velut
344 1505 486 1556 Sertorium
496 1509 539 1554 mut
551 1503 725 1553 Hannibalem
737 1509 865 1566 omentum,
878 1504 934 1568 peri
950 1504 1001 1553 tuto
1011 1519 1040 1553 oe
1049 1506 1161 1553 dedomo
1172 1502 1258 1568 faciei,
1272 1503 1330 1552 Vo-

682 1642 862 1664 melonem

255 1729 338 1780 ibis.
350 1729 568 1782 Budeus.s'tli.-²
585 1731 629 1780 ltu
647 1729 785 1780 Rhenanus
798 1736 827 1780 et
838 1683 1003 1780 recentiores.
1035 1728 1068 1779 Iu
1079 1727 1145 1778 Mes.
1157 1733 1186 1776 et
1196 1725 1332 1777 veteribus

710 1947 712 1952 .
723 1904 831 1955 NOTAE

188 2089 192 2096 .
223 2030 322 2084 civilis.
353 2032 432 2083 Hund
451 2031 529 2084 dubie
549 2032 658 2084 civitate
679 2033 755 2084 nom
796 2047 845 2096 per
866 2033 987 2082 astutiam
1010 2037 1038 2082 et
1061 2046 1162 2082 summa
1185 1998 1335 2080 calliditate

128 2141 131 2150 ι
222 2109 334 2160 donatus
345 2115 412 2172 emt,
421 2115 450 2160 et
469 2109 585 2174 equestri
602 2108 705 2172 fastigio
715 2122 757 2157 or·
796 2107 999 2174 persecemucit
1011 2108 1094 2158 sltero
1107 2109 1183 2158 uculo
1194 2107 1252 2157 orbi
1262 2106 1336 2156 exti-

222 2192 310 2248 nctus,
321 2191 350 2235 ut
360 2186 422 2235 olim
434 2185 575 2248 Arminius,
584 2185 717 2250 Segestes,
729 2191 758 2236 et
799 2192 863 2245 tere,
872 2179 1181 2248 Philippoqdntigonus,
1189 2182 1335 2243 Hmntmt,

224 2262 269 2310 ulii
287 2261 441 2311 illustriores
455 2261 592 2310 sociorum.
624 2261 709 2324 Igitur
721 2259 757 2308 ci·
797 2269 826 2310 et
837 2263 897 2323 iste,
909 2261 942 2310 de
958 2275 1010 2325 quo
1027 2274 1095 2310 nunc
1112 2259 1260 2321 scribimus,
1273 2258 1337 2307 Ser·

224 2337 260 2388 vis
271 2338 315 2388 ille
326 2339 473 2398 Romuuus3
490 2352 539 2386 uec
557 2337 659 2401 mirum,
673 2338 695 2386 sl
706 2337 758 2388 Ro·
797 2337 898 2389 torius!

223 2429 300 2465 muns
320 2415 424 2465 nomine
448 2412 576 2476 hebuerit,
600 2419 628 2462 et
654 2413 758 2478 quidem
829 2415 865 2464 Et
871 2414 929 2479 jam
939 2411 1024 2464 iufra:
1041 2414 1099 2465 ‘Et
1111 2428 1170 2463 cum
1187 2413 1254 2462 mira
1271 2410 1336 2461 faci·

224 2504 296 2545 more
308 2489 383 2538 Rom.
796 2505 861 2540 nors
880 2505 958 2540 muuu
979 2496 1164 2554 exequeretur,
1184 2494 1213 2538 et
1238 2501 1335 2550 corpus

257 2572 275 2598 Ε
291 2564 652 2628 Simtltmisdebooeetumeuto]
669 2563 758 2614 Livius
798 2569 897 2633 preliis
915 2567 1086 2619 audacissime
1102 2572 1257 2631 exponeret,
1267 2566 1335 2614 ulte-

225 2643 259 2694 de
270 2641 428 2704 Hannibale,
435 2643 444 2669 ‘
452 2642 557 2706 Vigiliis
566 2651 652 2692 temen
662 2648 689 2691 et
698 2655 759 2690 uoc-
799 2659 856 2694 rum
867 2645 1002 2694 oculorum
1009 2644 1145 2707 pugnaudo
1154 2639 1335 2691 sibieffossnm

225 2725 303 2770 turno
321 2719 426 2767 humore
444 2718 604 2782 palustrique
622 2719 687 2767 coelo
701 2731 760 2781 gra·
800 2719 901 2781 amisit3
919 2734 951 2768 eu
963 2733 1024 2769 sero
1041 2720 1098 2769 tabe
1117 2733 1148 2768 uc
1164 2717 1335 2768 deformitate

225 2803 305 2844 rante
318 2801 407 2858 ceput,
419 2801 447 2843 et
458 2793 519 2858 quis
529 2793 651 2842 medendi
662 2807 710 2842 nec
723 2794 760 2841 lo·
800 2797 985 2846 oristotuvita
1000 2795 1128 2858 glorietur
1142 2800 1194 2845 est.
1227 2793 1334 2857 Quippe

226 2884 273 2919 cus
284 2883 332 2918 nec
344 2876 446 2932 tempus
458 2865 524 2929 erut,
536 2868 620 2918 altero
631 2869 705 2917 oculo
718 2882 760 2921 ce»
800 2871 916 2932 dicebat,
927 2871 991 2920 ulios
1002 2870 1106 2934 quidem
1123 2869 1236 2933 inriguis
1253 2869 1335 2918 virtu-

226 2944 316 3010 pitur.’
346 2945 483 3008 Vulgoque
493 2943 522 2992 id
531 2943 570 2992 ita
581 2943 719 3006 accipitur,
730 2949 760 2992 ut
799 2948 834 2997 tis
853 2962 905 2997 non
924 2949 1020 2998 bebere
1039 2956 1144 3007 secum
1161 2962 1213 2996 uon
1229 2961 1261 2996 ea
1277 2959 1335 3009 ges-

226 3021 329 3070 oculum
343 3019 457 3070 amiserit
468 3019 610 3070 Hannibal.
643 3018 760 3084 Ideoque
799 3023 1036 3086 tereremper,sed
1049 3022 1337 3086 srepedeponerepba·

227 3095 325 3148 Juven.
341 3097 349 3122 ‘
361 3095 487 3144 Portaret
495 3095 583 3144 bellua
594 3094 709 3144 luscum!
798 3100 876 3163 leros,
886 3099 1000 3161 monilis,
1015 3105 1130 3162 torques,
1142 3098 1238 3157 bertas,
1256 3103 1284 3145 et
1295 3109 1339 3146 eo·

261 3171 384 3220 Ceterum
396 3169 505 3234 Probus,
516 3175 607 3218 auctor
619 3183 670 3218 uon
689 3183 762 3234 sper·
801 3189 892 3234 ronan
909 3175 958 3225 sibi
975 3171 1046 3225 sero'
1055 3173 1216 3224 fortitudinis
1232 3172 1339 3235 decora,

227 3247 343 3300 uenum:
367 3248 447 3298 ‘Hoc
471 3248 575 3310 itincre,
597 3245 662 3297 adeo
689 3249 762 3312 gravi
801 3251 875 3301 velut
893 3249 1028 3300 individua
1051 3258 1179 3314 perpetuo
1195 3250 1340 3311 adherere,

227 3324 317 3374 morbo
336 3321 450 3374 efficitur
468 3325 609 3386 oculorum,
629 3332 658 3374 ut
670 3333 763 3388 postes
802 3339 883 3388 seque
899 3331 1025 3377 utentum
1042 3325 1117 3376 simui
1137 3331 1166 3376 et
1187 3324 1291 3374 virtutis
1308 3331 1338 3374 et

228 3413 356 3464 uunquam
367 3399 460 3450 dextro
470 3398 537 3450 bene
548 3415 608 3450 usus
625 3401 677 3452 sit!
702 3401 762 3452 Fer·
802 3401 914 3450 uulneris
939 3401 1119 3464 spectaculum
1151 3399 1338 3450 contuentibus

229 3480 313 3525 retius.
800 3473 942 3525 exhibere?

261 3548 399 3616 &mitioris
408 3550 620 3616 momumento]
642 3553 715 3604 Plut.
734 3554 762 3603 iu
832 3552 877 3601 Sic
887 3559 917 3601 et
925 3551 1068 3614 Dionysius
1077 3549 1110 3599 de
1119 3551 1248 3602 Horatio:
1263 3549 1340 3600 ‘Ho-

229 3626 358 3677 Sortorio:
377 3627 456 3676 ‘Non
464 3627 556 3677 mirum
566 3629 632 3679 forte
639 3630 683 3692 sit,
692 3628 762 3694 quod
801 3627 893 3690 ratius,
908 3628 953 3692 qui
970 3627 1168 3689 cognominatus
1186 3628 1287 3688 Cocles,
1302 3641 1338 3678 ex

229 3703 257 3754 iu
274 3702 399 3752 immensa
417 3703 484 3752 serie
501 3711 657 3768 temporum,
668 3704 762 3756 fluctu·
801 3705 911 3754 vnlnere
926 3705 994 3769 qood
1005 3719 1051 3755 ore
1059 3713 1212 3769 exceperat,
1219 3720 1279 3754 cum
1287 3703 1338 3769 ipsi

231 3787 293 3830 unte
303 3787 331 3828 et
342 3791 400 3827 sese
411 3784 531 3828 vertente
541 3780 590 3830 buc
601 3789 628 3830 et
638 3781 700 3832 illuc
712 3782 764 3832 ior·
803 3783 871 3831 ulter
885 3782 976 3831 oculus
987 3794 1110 3830 excussus
1122 3789 1191 3831 esset
1202 3782 1229 3830 in
1241 3795 1338 3846 pugna,

231 3861 303 3912 tuna,
311 3853 339 3902 iu
349 3853 454 3903 eosdem
462 3868 535 3903 cesus
547 3857 699 3921 quaudoque
707 3858 765 3921 ipss
802 3871 861 3906 cnm
870 3856 1253 3919 essetipseomniumjureuum
1262 3859 1339 3907 ltom.

231 3929 350 3981 recidat?
383 3929 703 3995 Etpostullstsplurims
720 3949 765 3983 ex·
803 3939 833 3984 et
850 3931 935 3981 forms
959 3931 1156 3996 pulcherrimus,
1183 3937 1213 3982 et
1240 3931 1336 3985 uirtute

231 4006 319 4070 erupis
337 4005 440 4067 similia,
455 4005 559 4056 subdit:
576 4006 663 4071 ‘qu
675 4015 702 4058 st
720 4011 765 4060 sd·
803 4007 1053 4073 presuntisrimus}
1064 4010 1114 4058 tro.
1169 4019 1174 4026 ·

232 4081 324 4130 dumus
333 4080 397 4131 illud
408 4079 475 4145 istis,
481 4081 555 4154 quod
567 4081 647 4132 duces
660 4083 764 4135 bellico·
837 4085 995 4134 Plutsrcbus
1011 4082 1088 4134 initio
1105 4082 1214 4133 Sertorii
1231 4083 1279 4147 sit,
1293 4084 1337 4148 qui

231 4157 336 4224 surim,
346 4165 374 4210 et
383 4157 429 4225 qui
438 4159 522 4212 multu
529 4161 639 4230 egregia
647 4159 766 4216 iocinore
803 4159 883 4212 duces
898 4158 1010 4209 maxime
1029 4158 1150 4210 bellicosi
1166 4157 1337 4226 inmunem
