2925 4742
196 314 284 385 8228
554 332 587 388 (t.
607 332 791 392 continuit
805 333 942 383 ''l'Acl'l'l
1127 291 1188 403 Ι[Α.
1201 339 1235 392 U.
1244 344 1305 395 08⁸·

196 476 359 544 minorum
374 472 500 551 electio
509 472 566 551 sit,
577 473 746 539 honestius
761 473 942 557 Principes
950 472 1194 556 Romanorum,
1205 498 1308 562 quam

197 575 437 643 Germanorum
459 576 616 640 foeminas
631 576 798 642 tolerarisst’
842 577 931 642 Haec
945 578 1076 661 vulgus.
1122 579 1308 647 Proceres:

197 681 384 744 ‘atrociore
411 677 530 742 Civilis
549 678 643 741 rabie
659 684 764 743 semet
786 678 820 743 in
845 698 940 743 arma
957 679 1102 744 trusos?
1132 682 1226 745 illum
1246 682 1307 747 do-

197 783 344 847 mesticis
359 781 457 843 rnalis
481 780 652 845 excidium
677 782 784 864 gentis
807 781 1029 865 opposuisse:
1061 788 1141 847 tunc
1155 784 1307 849 infensos

198 882 336 951 Batavis
374 882 478 961 Deos,
503 902 578 946 cum
603 882 834 948 obsiderentur
862 884 1020 967 legiones,
1049 886 1308 951 interficerentur

198 985 326 1067 Legati,
347 984 480 1051 bellum
510 985 569 1049 nni
597 987 835 1063 necessarium,
873 985 975 1051 ferale
1001 989 1084 1071 ipsis
1113 994 1307 1053 sumeretur.

197 1085 345 1153 Ventum
361 1085 405 1149 ud
419 1094 578 1163 extrema,
593 1088 627 1151 ni
641 1088 851 1173 resipiscere
865 1090 1038 1172 incipiunt,
1059 1093 1092 1154 et
1104 1090 1199 1154 noxii
1213 1089 1308 1173 capi·

195 1188 240 1253 tis
255 1208 357 1271 poena
372 1190 600 1273 punitentiam
614 1190 798 1255 fateantur?

239 1290 293 1356 26.
318 1291 399 1355 Nou
412 1291 528 1355 fefellit
544 1290 688 1355 Civilem
701 1312 744 1357 eu
766 1292 954 1369 inclinatio,
969 1296 1003 1355 et
1028 1294 1213 1375 praevenire
1237 1299 1307 1357 stu-

197 1393 281 1457 urit:
312 1412 412 1478 super
427 1393 565 1459 taedinm
580 1392 754 1471 mulorum,
768 1395 870 1459 etiam
884 1413 947 1476 spe
961 1394 1054 1470 vitro,
1070 1410 1148 1475 quae
1163 1392 1309 1476 plerum·

197 1513 263 1577 quo
286 1514 423 1577 magnos
449 1498 577 1561 animos
598 1494 754 1577 infringit.
799 1495 912 1561 Petito
936 1496 1117 1579 colloquio,
1143 1493 1309 1559 scinditur

198 1592 369 1661 Nabaliae'
385 1597 534 1662 fluminis
548 1616 634 1681 pons
646 1606 669 1679 3²¹
700 1599 736 1661 in
759 1598 857 1683 cujus
880 1597 1219 1682 ubruptuprogressir
1235 1596 1309 1661 Du·

127 1826 129 1829 ·
197 1817 235 1876 et,
246 1812 266 1862 si
278 1813 409 1877 principes
420 1812 566 1863 assumendi
578 1812 713 1862 arbitrium
725 1813 894 1876 coucedatur,
905 1816 990 1879 majus
1002 1814 1082 1863 decus
1101 1811 1202 1862 serendi
1221 1811 1309 1875 impe·

197 1884 298 1928 setores
314 1879 498 1939 Romanorum,
510 1892 585 1941 quam
598 1877 719 1926 mulieres
738 1878 934 1927 Germanorum.
968 1880 1030 1927 Haec
1039 1878 1152 1941 populus.-
1170 1875 1310 1925 Primores.-

196 1943 384 1993 trucnleutlors
396 1943 434 1991 irs
445 1942 535 1993 Civilis
556 1943 625 2005 ipsos
637 1942 664 1990 in
682 1942 778 1992 bellum
790 1950 907 1992 tractos:
932 1942 1005 1991 illum
1018 1943 1130 1991 nunonis
1141 1941 1251 1990 esitium
1261 1940 1310 1989 do·

197 2007 314 2057 mesticis
327 2006 443 2057 cladibus
452 2006 597 2069 objecisse:
617 2014 670 2055 tum
680 2004 859 2065 infestssuisse
870 2007 978 2057 Batauis
991 2007 1113 2067 Nomius,
1122 2020 1181 2055 cum
1190 2004 1309 2068 legiones

197 2079 419 2136 oppugnarentur,
430 2071 614 2121 occiderentur
624 2071 714 2131 duces,
726 2077 754 2120 et
766 2072 861 2120 balium
869 2077 1052 2136 capesseretur
1063 2070 1107 2118 nni
1118 2070 1191 2131 utile,
1198 2069 1310 2119 exitiale

196 2135 269 2199 ipsis.
303 2136 411 2185 Venisse
424 2151 452 2185 se
465 2136 491 2185 in
508 2135 672 2185 novissimum
686 2135 834 2200 discrimen,
844 2137 894 2185 nist
910 2136 1038 2199 poenitere
1049 2134 1186 2197 incipiant,
1196 2142 1223 2201 et
1234 2132 1310 2183 uosii

197 2199 307 2250 bominis
316 2200 444 2263 supplicio
457 2200 637 2263 penitentiam
648 2200 803 2263 approbent.

232 2264 288 2313 Nes
306 2264 378 2313 latuit
403 2264 502 2313 Ciuilem
520 2278 547 2312 sc
567 2265 729 2327 popularium
748 2266 866 2325 echstus,
883 2268 907 2313 et
924 2268 1066 2326 proecerten
1083 2262 1200 2311 decrerit:
1217 2266 1310 2324 preter

197 2328 347 2383 sscietstess
365 2342 531 2387 mmm,
542 2330 615 2377 etism
629 2343 669 2391 spe
684 2330 769 2390 emite,
779 2344 833 2392 ques
847 2343 908 2390 soepe
928 2334 956 2377 et
966 2328 1065 2377 mdsces
1081 2326 1174 2376 mimos
1190 2326 1309 2375 consedit.

199 2392 470 2455 Postulutocosgresss,
488 2393 638 2455 abrumpitur
655 2407 714 2455 psus
733 2394 811 2443 musis
831 2392 957 2449 Nsbslioe5
980 2393 1007 2440 is
1023 2390 1089 2451 errius
1107 2390 1210 2440 medeas
1225 2404 1311 2439 essen

682 2544 696 2563 0
699 2542 862 2565 §eunucu

197 2660 239 2705 trs
252 2652 373 2705 tentabat
385 2652 533 2714 Rhenanus,
539 2653 698 2713 juventutem.
717 2653 879 2705 Breues—tt
895 2652 947 2702 Hic
965 2652 1074 2717 explicit
1091 2652 1144 2702 lde.
1155 2652 1212 2703 Jss.
1229 2652 1308 2702 ism.

196 2724 245 2769 -7
263 2719 334 2768 Male
349 2718 398 2767 Ms.
411 2718 488 2767 Bodl.
498 2720 620 2781 respicere.
637 2718 753 2767 Brotier.

230 2787 244 2832 1
263 2784 370 2834 Frustra
387 2782 507 2832 tentabat
519 2783 633 2847 Lipsius,
649 2782 748 2833 Vubnls's
759 2782 880 2845 flessisis.
915 2778 1224 2840 sanctissinum.
1240 2780 1308 2831 Bro-

693 2944 803 2996 NOTAE

228 3058 387 3109 ”Herelius
412 3056 532 3121 pdsdpes
565 3056 730 3119 Romanorum,
770 3057 834 3120 ipsae
850 3054 961 3119 sibyllas
979 3053 1306 3118 GraecorumetDruidas

195 3150 267 3197 psum
293 3134 465 3183 Gmronem
487 3130 601 3191 seminus
621 3133 731 3195 tolerari]
771 3133 915 3195 Gallorum,
932 3132 1091 3181 suctoritste
1106 3132 1184 3194 longe
1199 3133 1307 3194 supera'-

194 3210 320 3259 Vstedsnr
340 3209 457 3274 denotet,
474 3209 508 3258 de
528 3224 580 3274 qua
596 3209 668 3260 Hist.
685 3210 730 3261 lib.
772 3216 842 3273 runt,
858 3224 907 3258 uec
923 3208 1017 3257 eodem
1034 3215 1088 3257 tres
1107 3208 1165 3257 iste
1187 3215 1306 3272 tempore

196 3298 235 3335 ιν.
247 3290 288 3334 61.
306 3284 421 3334 Pictore.
771 3284 924 3343 floruerunt,
933 3282 1057 3334 licetfere
1067 3283 1116 3333 sibi
1125 3284 1305 3334 succederent.

229 3360 529 3425 Germssmrsscsuisus]
544 3360 729 3427 Intelligitrir·
801 3362 913 3423 Dubito,
931 3374 991 3409 uum
1010 3359 1259 3423 dnnreriutusqne
1270 3360 1304 3410 sd

194 3433 341 3501 gineslllss
361 3432 568 3502 insistensque
587 3438 728 3487 sanctitate
768 3438 982 3498 Diocletianum
1010 3437 1055 3487 sed
1078 3438 1104 3485 iu
1122 3436 1214 3486 iisdem
1240 3438 1305 3487 locis

194 3524 241 3561 seu
261 3511 455 3573 superstitione,
475 3510 512 3559 hie
533 3512 558 3561 in
578 3513 727 3576 regionibns
769 3515 901 3565 Germana
910 3514 1015 3575 mulier,
1024 3527 1069 3562 seu
1078 3513 1175 3563 Druias
1185 3510 1306 3578 qnaedses

131 3612 142 3631 1
192 3586 247 3635 iste
260 3584 409 3649 potionum
436 3600 515 3650 seque
527 3586 600 3636 bellis
612 3595 640 3637 et
652 3589 728 3639 rebus
769 3588 888 3651 fatidica,
899 3590 924 3638 ei
938 3588 1065 3653 predixit
1078 3588 1228 3651 imperium,
1245 3602 1306 3638 cum

192 3660 305 3725 publicis
321 3660 479 3724 inserebsnt,
499 3672 548 3725 per
569 3665 674 3713 orscula
696 3680 726 3715 ac
770 3664 1039 3731 spruorcoufodisset
1071 3664 1123 3713 Sed
1135 3663 1236 3714 frustra
1245 3678 1307 3714 con·

193 3750 317 3802 respousa
327 3737 457 3802 quaedarn,
469 3752 527 3801 quse
539 3738 676 3805 propinqui
685 3756 727 3791 ea·
768 3742 920 3793 sectabatur
930 3741 975 3790 ilie
991 3755 1069 3805 apros
1083 3740 1110 3788 in
1122 3740 1217 3804 sylvis:
1235 3754 1305 3801 nam,

194 3826 250 3864 rum
270 3812 465 3863 consulentibus
483 3810 641 3879 referebant,
655 3818 728 3867 velut
768 3819 855 3868 occiso
864 3818 931 3879 viro,
943 3817 988 3881 qni
999 3816 1144 3866 recabatur
1153 3815 1238 3880 Aper,
1249 3823 1306 3866 tsn-

193 3902 227 3939 ex
237 3888 403 3939 Numinibus.
768 3897 827 3947 dem
838 3910 924 3945 rerum
934 3894 1034 3958 potitus
1044 3902 1087 3944 est
1098 3895 1294 3944 Diocletisnus.

224 3965 291 4015 Tres
307 3972 368 4013 sunt
388 3964 536 4029 hujusmodi
558 3967 679 4033 Virgines
700 3970 727 4019 in
800 3974 952 4024 sdeisditsr
978 3972 1090 4022 Nsictioe
1103 3972 1215 4037 Μή
1233 3971 1306 4036 poss]

192 4040 301 4092 historia
327 4047 407 4104 notre,
435 4041 548 4107 senua,
582 4046 677 4109 Veteris,
700 4052 728 4096 et
768 4049 868 4100 Atiide
883 4048 1159 4113 vatettatttdentm
1176 4047 1315 4099 bavicim·

196 4116 372 4181 (iussuque,
383 4123 452 4167 teum
464 4118 560 4183 Dione,
571 4121 667 4184 etipse
678 4124 730 4173 ito-
769 4128 902 4191 colligunt.
1296 4155 1301 4169 .

192 4206 262 4245 usam
273 4193 347 4243 venit
359 4200 477 4260 ternpore
486 4194 636 4249 Domitiani.
648 4200 729 4250 Certe
803 4203 928 4255 &witer
1020 4201 1092 4267 poss]
1118 4202 1162 4253 Sic
1181 4209 1211 4255 et
1232 4202 1304 4268 apud

1451 429 1453 480 l
