2925 4742
229 253 318 324 mes
503 224 507 231 ¹
585 267 621 316 c.
644 261 830 316 connncrr
852 259 1023 336 rscrrr,
1173 261 1338 330 [tuem

230 417 305 482 iix?
326 413 505 491 Antonius,
520 407 661 494 pudorc⁷
675 400 818 492 flagret·
830 406 1057 503 crebrescente
1066 404 1203 483 invidie,
1215 404 1336 484 edixit,

229 522 243 553 ‘
257 537 299 584 ne
313 517 390 601 quis
404 514 643 580 Cremonenses
654 509 820 595 captivos
834 509 995 574 detineret
1005 505 1025 572 :'
1040 506 1231 591 irritamque
1244 526 1335 590 proc·

231 617 310 685 dum
323 619 485 684 militibus
500 615 654 680 effecerat
676 631 856 678 consensus
879 611 1003 689 Italiae,
1025 611 1203 674 emtionem
1217 610 1336 674 lelium

231 721 470 804 mancipiorum
485 717 718 803 aspernantes
741 714 891 780 0εοίᾱίιο
905 731 1058 796 coepere:
1077 709 1170 795 iruod
1183 711 1242 774 nbi
1254 729 1337 775 eno·

232 825 306 902 tuit,
334 843 355 887 a
383 821 579 906 propinquis
607 817 827 901 affinibusque
856 815 989 880 occulte
1010 811 1334 878 redemtebentnrz¹¹

232 944 314 990 mox
341 923 439 988 rediit
465 921 662 988 Cremonam
690 919 838 1002 reliquus
870 915 1017 1000 populus
1027 923 1052 979 :¹¹
1088 916 1236 998 reposito
1259 914 1335 980 iore

233 1110 339 1162 extemis
357 1109 448 1168 illoese,·
473 1107 711 1168 cautissimam.
753 1106 883 1168 sumes,
896 1107 985 1170 pedore
998 1104 1126 1168 sumserit,
1141 1110 1165 1154 et
1183 1109 1338 1168 gruem

234 1177 297 1238 odio,
312 1175 389 1224 edicto
405 1173 578 1238 pronuntiarit,
596 1187 629 1220 ue
641 1171 699 1236 quis
710 1169 896 1220 Cremonenses
913 1172 940 1220 in
953 1168 1074 1219 custodie
1085 1170 1208 1219 baberet:
1226 1175 1250 1218 et
1267 1183 1341 1219 corn·

234 1239 304 1290 rnuui
321 1253 431 1288 consessu
448 1237 521 1286 lenda
535 1237 643 1286 inutilem
661 1237 766 1298 predum
784 1234 900 1283 mildibss
913 1234 1059 1298 reddiderat,
1074 1235 1237 1283 commem
1251 1235 1342 1282 telin

233 1303 379 1367 enptiorntm
390 1306 544 1351 mutescere.
578 1299 685 1365 Isterfiei
696 1313 801 1362 coepere:
817 1301 878 1362 qood
888 1298 928 1347 uli
942 1297 1083 1362 percrebuit,
1093 1299 1154 1346 ctum
1162 1297 1342 1346 redimebatur

171 1428 183 1444 η
233 1385 249 1418 u
257 1367 374 1433 proximis
389 1372 413 1416 et
423 1365 577 1416 recessuriis:
593 1365 647 1413 dein
661 1365 728 1428 plebe
737 1368 855 1426 superstes
863 1365 964 1412 revertit
976 1363 1131 1411 Cremonam:
1147 1362 1342 1411 restitetoesuut

697 1489 875 1512 anennoeto

234 1581 362 1632 sulm—l
379 1581 422 1631 Sic
432 1580 498 1630 bene
507 1581 570 1630 Mes.
582 1581 652 1631 Flor.
663 1581 730 1643 Reg.
743 1579 821 1630 Corb.
831 1578 906 1629 Hert.
917 1579 974 1630 les.
981 1577 1063 1628 editio
1075 1577 1197 1642 princeps
1208 1585 1237 1628 et
1248 1591 1343 1628 recen·

235 1646 326 1696 tiores.
368 1645 420 1694 Ms.
441 1645 518 1694 Bodl.
540 1651 568 1694 ot
584 1646 754 1704 Puteolnnus,
770 1647 825 1707 post
840 1658 891 1692 rem
901 1643 1007 1706 flagitii.
1024 1643 1188 1692 Brotier.-8
1204 1643 1258 1692 Ms.
1269 1642 1340 1706 Agr.

236 1709 414 1760 Cremonenses
430 1709 607 1772 captivum-9
625 1708 655 1757 ln
667 1709 717 1758 Me.
732 1709 809 1757 Corb.
825 1707 969 1770 irritumque
985 1709 1091 1771 predum
1108 1706 1223 1755 militibus
1235 1705 1345 1768 feceret,

234 1788 345 1822 consensu
356 1773 435 1821 italice
444 1773 568 1822 emtionem
577 1773 663 1822 tultum
673 1771 843 1834 musdpiorrmr
854 1777 1003 1834 ospmeste.
1036 1771 1166 1835 Corrttpte
1176 1770 1257 1819 editio
1269 1771 1345 1834 prin·

236 1851 307 1900 ⁰⁰¹²*
324 1835 1343 1950 ‘erb-uenti-niterem-intituletur

234 1907 476 2014 leitrgtigssnfitirlesitu
484 1901 553 2015 [bissus
572 1915 647 2014 Piri.
659 1935 822 2014 Haerenti.
833 1963 890 2014 Jes.
904 1961 970 2026 Agr.
981 1962 1069 2012 Coeli.
1080 1933 1196 2012 Picit’ene
1207 1968 1234 2010 et
1246 1913 1341 2012 rem·

235 2027 321 2079 tiores.
353 2029 385 2078 ln
407 2029 457 2080 Ms.
469 2029 533 2092 Reg.
551 2035 579 2077 et
597 2028 751 2078 editionibus
766 2027 908 2092 veteribus,
925 2027 1108 2077 redimebantur.
1141 2025 1270 2076 Mendose
1287 2025 1344 2076 lis.

738 2171 845 2222 NOTAE
941 2158 947 2168 '

267 2283 508 2346 wirimundum]
525 2287 679 2336 Cremonam
691 2285 767 2335 bellis
807 2298 887 2346 regno
898 2283 1030 2335 Armeniae
1049 2284 1173 2335 sdversus
1191 2283 1340 2335 Tiridatem

236 2359 353 2410 civilibus
365 2358 443 2408 fuisse
455 2358 598 2422 infelicem,
611 2362 677 2412 dicit
692 2363 767 2410 Τασί-
807 2362 971 2426 Parthosque
982 2369 1085 2425 gestum
1096 2369 1137 2412 est
1151 2363 1200 2412 sub
1216 2363 1343 2414 Nerone:

236 2440 289 2497 tus,
299 2435 466 2499 quodcessii,
474 2437 559 2498 Bruti,
568 2443 597 2486 et
607 2438 714 2488 Antonii
725 2444 778 2488 eoi
807 2437 877 2500 qnod
896 2444 983 2486 temen
994 2451 1046 2487 non
1064 2437 1160 2500 legitur
1178 2437 1248 2502 epod
1265 2438 1346 2488 Taci-

236 2510 301 2574 pies,
311 2511 498 2560 Cremonenses
509 2513 691 2577 suscepissent.
718 2515 768 2563 Es-
809 2519 879 2562 urin:
901 2512 1087 2562 severissimus
1115 2520 1189 2563 certe
1216 2512 1345 2576 Corbulo,

237 2600 288 2650 que
305 2600 382 2635 censs
401 2602 417 2635 e
429 2587 550 2650 Virgilio,
568 2587 577 2616 ‘
594 2589 689 2638 misere
707 2590 768 2639 Cre·
808 2586 854 2636 sed
874 2587 960 2650 potius
972 2587 999 2636 in
1015 2588 1132 2647 militem,
1151 2602 1228 2651 quem
1245 2589 1345 2638 iubos·

235 2663 321 2712 mons’
333 2670 448 2725 vocetur,
459 2665 550 2727 Eclog.
563 2677 602 2714 rx.
618 2664 739 2728 inpuros.
808 2669 872 2712 tem.
905 2664 941 2712 Et
953 2661 1022 2712 forte
1035 2662 1063 2712 id
1081 2663 1107 2711 in
1124 2663 1277 2727 quibusdam
1288 2677 1348 2713 css·

268 2736 346 2788 Adde
357 2745 386 2789 et
397 2739 466 2804 quod
478 2739 628 2788 Vitellianos
639 2740 678 2788 bis
690 2739 769 2789 iovis·
808 2740 878 2789 tellis
899 2738 1032 2790 Armenios
1048 2747 1211 2803 usurpatum,
1231 2741 1346 2790 necessi-

237 2820 398 2878 sentncpor,
404 2815 585 2878 juvissentque
597 2817 687 2878 copiis.
808 2823 863 2864 tate
874 2815 944 2876 belli,
963 2823 991 2864 et
1009 2816 1035 2863 in
1055 2817 1212 2878 exemplum,
1229 2815 1298 2866 forte
1308 2816 1346 2865 ob

269 2893 278 2924 ²
293 2889 500 2953 Pudoreflogitii]
516 2891 557 2939 Ex
575 2889 682 2939 incense
691 2897 719 2940 et
730 2890 769 2939 di·
806 2890 913 2940 crebras
930 2890 1093 2951 rebelliones,
1104 2899 1133 2939 et
1144 2892 1205 2956 quie
1220 2891 1346 2940 terribilis

237 2972 313 3029 reple
325 2966 462 3015 Cremona.
806 2965 886 3014 hostis
894 2964 1041 3014 immineret
1052 2965 1108 3014 Rex
1120 2966 1288 3015 Parthorum.
1307 2965 1347 3015 Et

270 3041 366 3114 deore
385 3040 501 3104 flagitii]
534 3041 672 3102 Flagitium
694 3048 768 3091 certe
807 3048 880 3091 certe
897 3040 1024 3091 sictritim
1039 3042 1111 3091 deleti
1119 3042 1210 3106 pepuli,
1228 3042 1255 3091 id
1267 3049 1346 3093 certe

237 3117 298 3177 tuit,
319 3132 335 3165 e
355 3131 405 3180 qno
425 3115 573 3164 abstinuere
593 3114 655 3164 boui
678 3116 768 3177 durces,
808 3118 886 3179 longe
902 3116 1041 3181 crudelius,
1060 3131 1137 3182 qoem
1156 3119 1348 3182 excidiumop·

238 3191 329 3241 Cicl.
349 3190 382 3240 de
403 3187 480 3238 Offic.
503 3189 692 3253 ‘Suscipiendo
713 3193 768 3255 qui·
809 3191 937 3255 pidorom,
963 3206 1015 3256 qne
1033 3207 1097 3242 ceso
1117 3193 1216 3256 captivi
1238 3191 1347 3258 quiden

237 3268 298 3318 dern
315 3267 383 3316 belis
399 3274 458 3316 sunt
477 3267 512 3316 ob
532 3281 588 3315 earn
607 3281 721 3328 causam,
740 3272 770 3315 ut
808 3267 925 3317 homiues
937 3268 963 3316 in
974 3269 1099 3331 praedsm,
1115 3269 1161 3317 sed
1173 3277 1260 3318 temen
1272 3269 1348 3318 inco·

237 3345 294 3394 sine
312 3344 405 3408 injurie
425 3345 450 3394 in
472 3357 537 3407 pace
561 3344 673 3393 vivetur:
694 3352 770 3406 purte
810 3345 892 3393 lumes
911 3351 1056 3404 serventur,
1073 3350 1102 3392 et
1119 3343 1211 3393 redimi
1226 3350 1348 3407 possunt.

238 3427 325 3469 sutem
346 3420 454 3470 victoris
473 3418 643 3468 conservandi
661 3426 721 3468 surrt
741 3420 769 3482 ii,
810 3419 866 3469 Cic.
884 3419 949 3468 ibid.
965 3418 998 3468 de
1010 3417 1087 3469 Offic.
1108 3420 1172 3468 ‘De
1194 3419 1347 3470 evertendis

237 3496 281 3561 qui
298 3510 349 3545 non
362 3495 481 3545 crudeles
493 3495 519 3543 in
530 3495 608 3556 bello,
622 3510 671 3544 nec
683 3496 769 3543 imme·
809 3495 1014 3558 diripiendisque
1042 3494 1150 3544 urbibus
1181 3495 1257 3543 valde
1279 3493 1347 3544 illud

238 3586 286 3622 nes
297 3571 416 3621 luerunt:
435 3579 464 3620 ut
475 3571 587 3634 majores
599 3573 692 3628 nostri,
703 3570 769 3619 Tus·
808 3569 1024 3619 considerandum
1044 3577 1093 3632 est,
1111 3570 1218 3634 nequid
1236 3575 1348 3634 temere,

238 3648 354 3706 cotenes,
380 3647 485 3712 sliquos,
512 3647 627 3709 Volscos,
652 3647 770 3709 Sabinos,
810 3661 843 3695 ue
865 3647 929 3710 quid
952 3647 1094 3696 crudeliter
1111 3646 1176 3697 fist:
1203 3645 1283 3711 idque
1305 3652 1349 3696 est

237 3721 370 3774 Hernicos
382 3724 408 3771 iu
419 3723 553 3773 civitatem
565 3723 644 3772 etiarn
660 3737 770 3786 accepe-
810 3721 861 3772 riri
872 3722 1036 3786 magnanimi,
1045 3723 1123 3772 rebus
1132 3723 1239 3786 agitatis
1248 3721 1346 3786 punire

238 3808 317 3853 runt:
330 3809 358 3851 et
370 3802 553 3864 Carthaginem
564 3810 592 3850 et
604 3801 770 3851 Numantiam
811 3808 908 3862 sontes,
924 3800 1116 3850 multitudinem
1128 3813 1301 3859 conservare;
1317 3797 1348 3847 in

237 3877 356 3929 funditus
367 3879 543 3927 srrstnleruut!
811 3879 880 3926 omui
892 3875 1005 3937 fortune,
1013 3885 1086 3926 recte
1097 3885 1176 3942 etque
1184 3877 1294 3926 honeste
1305 3889 1348 3924 re·

271 3954 398 4005 Attamen
414 3961 481 4004 teste
503 3953 571 4002 Piin.
590 3967 628 4005 ur.
639 3959 664 4004 7.
683 3954 772 4002 ‘Viri-
812 3953 914 4003 tinere.'

239 4029 288 4080 tim
299 4030 380 4080 deleti
392 4030 495 4094 populi'
513 4030 688 4090 iuArmenie‚
704 4029 772 4079 duee
843 4031 986 4092 'Relicuos
994 4029 1105 4093 populas]
1138 4028 1269 4092 Intelligit
1282 4027 1349 4076 nl·

240 4101 396 4171 Corbulone,
419 4106 475 4156 scil.
494 4117 525 4154 eo
545 4103 613 4155 bello
635 4104 703 4170 quod
722 4118 772 4169 pro
811 4118 869 4169 gns,
880 4103 948 4170 qnod
963 4102 1043 4168 torte,
1053 4105 1097 4155 rel
1114 4112 1182 4171 erte,
1189 4111 1236 4155 eut
1246 4102 1349 4155 miseri·
