2925 4742
107 353 175 412 tc.
192 353 253 418 en]
458 351 728 404 nrsrotttanuse
754 353 828 404 urs.
850 353 903 401 rr.
1150 339 1240 406 etto

108 513 249 598 quisque
280 509 444 594 silentio,
469 514 585 580 deindo
610 512 736 578 oblivio
750 513 942 580 transmisit.
996 509 1102 578 Fuere
1127 516 1239 600 quiet

106 614 378 680 meminissent}
1234 614 1241 625 ·

102 803 176 868 iniit,
185 803 247 856 deie
258 805 406 860 obliniret.
438 808 553 861 Extitere
563 811 635 860 cticoe
646 810 686 874 qui
697 812 886 861 recordarentur.

628 1020 739 1072 NOTAE

99 1161 151 1226 ear]
175 1163 302 1214 Censuit
327 1165 482 1229 Helvidius,
492 1171 522 1216 nt
539 1165 661 1214 restitue·
700 1164 767 1213 hauc
781 1163 887 1227 gloriam
899 1169 927 1213 et
937 1162 1048 1227 senatui,
1057 1176 1107 1211 uon
1118 1164 1234 1229 opirin-

101 1246 169 1288 rctnr
194 1239 379 1302 Capitolium
403 1229 524 1306 auspiciis
547 1240 659 1303 Reipnb.
701 1242 807 1291 dicebat
818 1241 971 1290 Helvidius:
989 1255 1041 1305 quo
1050 1248 1128 1304 pacto
1140 1241 1234 1305 prinei·

98 1315 280 1366 subveniente
324 1319 436 1382 quidem
462 1319 489 1367 in
517 1315 659 1366 subsidium
699 1323 790 1381 petum
799 1317 1096 1379 spernebatminnelret,
1105 1323 1150 1367 eut
1159 1324 1233 1370 certe

100 1390 278 1454 Vespasiano,
301 1395 356 1442 sed
377 1393 450 1458 quusi
475 1392 587 1456 priocto;
609 1392 659 1440 hoc
699 1394 804 1456 penitus
815 1391 932 1443 tollebat.

100 1475 144 1529 eet,
161 1477 293 1518 nontam
319 1479 354 1520 ut
374 1470 589 1535 capiteejuedem
601 1468 660 1518 Rei·
731 1470 834 1519 ‘tuere
854 1471 894 1532 pei
903 1473 926 1517 et
938 1458 1109 1530 meretriciae]
1141 1468 1193 1519 Qui
1204 1475 1234 1519 et

99 1543 223 1610 publice,
235 1561 327 1610 quam
342 1554 427 1610 parte.
699 1546 768 1609 apud
778 1546 964 1610 Verpasieuum
975 1559 1070 1607 nempe
1088 1542 1232 1609 deferrent.

131 1619 211 1668 Hand
223 1621 315 1671 aliter
327 1623 387 1672 brec
405 1619 573 1685 accipienda:
599 1635 659 1670 auc·
699 1622 800 1684 quare?
823 1621 882 1685 qnia
896 1620 952 1668 huc
971 1619 1104 1668 sententie
1121 1619 1233 1683 dignitu-

24 1701 32 1716 '
100 1700 193 1746 toreet
206 1697 279 1746 milei
293 1699 469 1763 Tranquillus
481 1699 506 1746 in
525 1699 605 1761 Vecp.
617 1703 657 1749 15.
699 1703 751 1746 tem
768 1697 893 1760 principis
910 1695 1054 1757 minuebat,
1063 1703 1170 1746 senatus
1186 1711 1232 1760 po-
1282 1709 1285 1714 ·

101 1770 252 1822 ‘ilsloidio
275 1774 389 1836 Prisco,
408 1775 453 1840 qui
470 1789 602 1824 reversum
624 1788 657 1824 ex
697 1772 944 1836 pnliqncangebet:
967 1786 984 1820 a
1001 1785 1052 1835 qno
1067 1771 1171 1821 restitui
1182 1774 1235 1832 (le-¹

101 1845 175 1910 Syrie
191 1850 270 1898 solus
301 1851 409 1914 privato
437 1849 540 1899 nomine
557 1851 656 1914 Vespr·
696 1849 824 1912 pitolinm,
840 1848 1233 1913 omtoxcteojuvcntcvospe·

102 1921 198 1971 uenum
211 1925 411 1988 salutaverat}
427 1929 477 1976 dec.
512 1925 639 1974 eruero.
696 1923 776 1982 siano,
788 1922 902 1972 volebat.
938 1922 1044 1985 Lipsius.
1231 1955 1235 1960 .

134 1998 291 2050 Ceusneret
306 2001 457 2065 Helvidius,
471 2007 498 2049 ret
511 2001 656 2065 Capitolium
728 1997 807 2048 Fuere
832 1998 874 2061 cei
897 2003 921 2048 ct
941 1996 1114 2062 mons]
1146 1997 1231 2048 Prisci

100 2073 192 2135 petlics
211 2077 408 2127 restitueretur:
444 2077 488 2126 nbi
506 2075 535 2124 ri
555 2077 655 2140 publice,
695 2073 973 2137 meusiuitimpensre
991 2082 1092 2136 partem
1111 2073 1138 2120 iu
1158 2073 1230 2136 prin·

104 2163 152 2198 non
169 2150 198 2199 id
212 2153 278 2202 freri
293 2161 399 2202 tontum
410 2152 530 2215 auspiciis
543 2153 655 2215 Rci'pub.
694 2150 791 2214 cipem,
812 2157 906 2198 contro
925 2162 1031 2209 morem,
1055 2148 1176 2212 rejicere,
1199 2155 1230 2198 ut

105 2223 214 2290 intelligi
227 2227 328 2289 debet,
346 2229 391 2278 sed
403 2228 508 2292 publico
519 2237 614 2289 sumtu,
626 2235 655 2279 et
695 2225 821 2276 umento
833 2224 924 2273 erario
935 2230 1095 2286 parceretur.
1112 2223 1229 2274 Picieeo.

105 2302 217 2360 pecunie
240 2317 277 2352 ex
304 2305 398 2353 orario
417 2304 565 2366 depromta,
584 2303 654 2368 quod
726 2298 1021 2364 coopertoriolum
1039 2298 1182 2362 principem
1201 2299 1232 2352 ie

108 2375 196 2438 populi
211 2375 278 2440 init,
295 2385 323 2427 et
342 2379 445 2442 quidem
461 2385 551 2427 senatu
563 2379 653 2428 decer·
694 2377 811 2426 ordinem
820 2377 940 2438 redigere
947 2374 1095 2437 ridebatur,
1104 2375 1179 2439 cujus
1188 2375 1228 2426 rei

108 2457 183 2501 uento
195 2457 343 2517 pecuniam
355 2456 433 2517 illem,
452 2462 483 2504 ut
500 2461 590 2504 vetere
603 2455 653 2505 Re·
693 2452 834 2508 meminere
845 2449 913 2500 forte
925 2451 1058 2500 delatores
1069 2457 1171 2514 postea.

107 2527 166 2590 pub.
179 2543 242 2580 uam
258 2539 319 2580 tum
335 2546 399 2596 opes
417 2531 521 2595 imperii
533 2531 653 2580 adminis·
726 2531 804 2581 Foere
814 2532 854 2594 poi
865 2537 888 2579 et
899 2529 1071 2592 munirent]
1085 2530 1228 2582 Vult'l'aci·

111 2603 196 2654 trehet
207 2607 436 2672 dispeusebetque
447 2614 559 2658 senatur.
598 2609 652 2658 ite·
695 2617 747 2673 tus,
758 2609 837 2659 inisse
847 2625 863 2660 e
874 2609 1034 2673 senatoribus
1045 2609 1143 2673 aliquot
1154 2608 1227 2659 dele·

26 2697 28 2705 ³
109 2693 156 2742 que
165 2681 204 2730 sic
215 2692 315 2734 censet
324 2683 553 2747 Helvetico-quest
564 2692 651 2734 stante
692 2687 808 2737 tionibus
824 2701 855 2735 ec
873 2684 1010 2735 calumniis
1026 2684 1166 2746 exercitos,
1182 2685 1227 2749 qui

28 2807 30 2837 Ψ
111 2754 193 2817 prisea
203 2758 315 2822 Repub.
330 2759 403 2822 qussi
416 2760 560 2822 reciperata
572 2761 651 2808 liber·
691 2762 837 2812 liberiorem
857 2763 933 2812 istam
951 2762 1226 2822 seutentiem‚eteon·
1270 2739 1281 2768 '⁸

27 2866 28 2877 .
112 2835 163 2879 tete
182 2841 247 2895 post
267 2835 413 2896 Neronem,
424 2841 470 2884 aut
488 2841 559 2884 certe
577 2835 651 2899 quusi
685 2837 951 2902 junctamsetiscnm
961 2835 1116 2900 Vespasiani
1133 2841 1224 2886 contu·

111 2903 156 2952 snb
168 2906 237 2957 bono
251 2910 435 2975 principe,qui
447 2911 547 2960 senatui
565 2919 593 2959 et
605 2926 650 2974 po·
690 2914 778 2974 melia,
801 2912 976 2962 reconderent
998 2911 1024 2959 lu
1049 2925 1173 2980 presens,¹
1193 2926 1224 2961 ac
1245 2921 1249 2928 ‘

113 2983 171 3045 pulo
179 2987 256 3036 Rom.
275 2983 340 3051 opes¹
348 3003 407 3036 snae
416 2997 443 3037 et
454 3001 534 3050 opere
546 2987 650 3050 publica
690 3005 736 3040 suo
748 2999 865 3054 ternpore
877 2991 905 3038 io
915 2988 1030 3038 deterior
1041 2987 1146 3037 auribus
1156 2988 1224 3052 ejus·

113 3061 292 3126 permitteret,
304 3065 348 3128 qni
359 3063 508 3113 libertetem
521 3078 571 3113 nou
591 3078 649 3127 pro·
690 3067 750 3116 deur
759 3067 923 3127 instillarent,
933 3080 964 3115 eo
972 3064 1151 3130 ipsocreaturi
1160 3064 1225 3116 idel·

114 3143 201 3198 neret,
213 3140 262 3189 sed
275 3155 354 3190 onnru
365 3141 461 3192 civium
473 3155 501 3188 se
511 3138 603 3202 ferret,
621 3149 649 3192 et
689 3143 762 3193 vidio
774 3143 929 3208 pericnlum.

116 3211 270 3279 principem,
282 3231 333 3266 nou
352 3216 484 3266 dominnm
497 3223 543 3266 ant
562 3223 649 3278 tyron
721 3221 791 3270 Nero
803 3229 910 3269 seootor
924 3219 983 3278 iste,
994 3217 1100 3266 nimium
1111 3217 1224 3280 philoso-

115 3299 186 3338 unm:
205 3292 351 3356 ‘Optimus
371 3300 430 3356 post
446 3293 540 3340 mulum
553 3293 649 3355 prinei·
688 3296 764 3360 pirus,
775 3295 887 3360 pessime
901 3293 981 3357 periit
996 3293 1045 3342 sul)
1052 3291 1225 3357 Vesperieno,

118 3377 171 3426 pem
188 3369 245 3419 elles
263 3369 379 3431 primus!
413 3369 508 3439 Itaque
517 3369 649 3433 censebat,
689 3379 718 3425 ut
729 3385 886 3435 cognoscere
896 3375 938 3418 est
948 3382 982 3417 ex
990 3367 1111 3432 Arriano,
1121 3368 1222 3433 Cossio,

117 3449 143 3492 nt
168 3447 352 3496 restitueretur
377 3445 535 3509 Capitolium
562 3453 649 3495 sumtu
688 3447 822 3508 Suetonio,
834 3453 862 3497 et
870 3446 936 3496 aliis.
969 3445 1098 3495 Gruteree.

118 3514 224 3582 Reipub.
234 3528 264 3571 et
272 3522 550 3585 consenumjussuqne,
557 3528 584 3571 et
591 3535 649 3570 auc·
721 3525 799 3574 Fcere
809 3525 849 3588 qai
860 3529 884 3572 et
894 3521 1064 3584 meodeimru]
1087 3518 1222 3585 Interpre-

119 3595 218 3646 toritete
229 3597 344 3647 omnium
355 3598 484 3662 ordinum,
505 3611 537 3646 ac
556 3597 648 3660 prirci-
689 3607 786 3661 tantur,
812 3601 886 3663 quael
912 3597 1029 3647 nonnulli
1060 3604 1221 3658 senatorum,

118 3679 164 3728 pne
174 3678 287 3734 renatus,
298 3680 326 3723 et
337 3687 371 3723 ex
383 3675 492 3734 areri03
509 3673 647 3738 adjuraret
687 3685 750 3726 tuuc
762 3689 815 3724 non
830 3664 995 3724 meminerint
1004 3674 1143 3723 sententies
1155 3672 1220 3723 Hei-

121 3752 197 3796 entem
209 3749 384 3814 Vespasianus
393 3751 446 3798 suis
460 3749 563 3814 opibus,
574 3758 600 3797 et
612 3761 645 3797 ex
685 3751 750 3800 ridli
761 3751 788 3800 in
798 3756 899 3812 senatu,
909 3749 955 3798 sed
967 3755 1059 3812 posteo
1069 3747 1139 3810 apud
1150 3748 1220 3811 prin·

120 3817 336 3890 tiocodepromtis.
364 3825 646 3878 Querenteutiurelut
685 3825 787 3890 cipcm3
814 3831 950 3889 captantes
971 3824 1031 3872 irinc
1054 3823 1224 3873 occasionem

119 3893 142 3942 iu
158 3900 272 3950 ordinem
290 3900 403 3964 cogebat
421 3900 575 3965 principem,
593 3916 646 3950 mu·
684 3900 840 3952 critninendi
862 3899 1024 3958 Helvidium,
1047 3905 1075 3947 et
1095 3898 1218 3947 commit

118 3969 283 4040 jettatemque
294 3975 438 4037 minnebet,
458 3977 531 4039 quusi
541 3989 591 4026 uon
603 3992 644 4030 es·
683 3978 806 4042 principi.
827 3977 890 4027 Non
901 3983 988 4025 tamen
998 3976 1025 4023 id
1037 3989 1143 4038 prorsus
1152 3974 1220 4025 dieit

120 4053 155 4095 eet
163 4049 259 4100 arbiter
271 4051 373 4114 imperii
392 4057 420 4100 et
439 4065 517 4115 opum
529 4051 643 4116 Rclpob.
682 4054 798 4116 Tacitus,
807 4067 856 4102 uec
867 4050 949 4115 possis
959 4049 1069 4113 precise
1087 4048 1115 4098 id
1131 4064 1166 4100 ex
1184 4065 1222 4100 eo.

121 4123 279 4176 necdelreret
289 4125 380 4190 templi
392 4127 507 4176 Deorum
525 4129 643 4179 restituti
682 4127 743 4180 loco
754 4127 885 4190 colligere.

30 4209 31 4234 ³
123 4197 216 4259 glorium
234 4201 340 4252 sibluui
356 4199 498 4256 vindicare.
530 4203 643 4270 Reipelr.
716 4205 796 4256 Forte
814 4199 1216 4268 modestioreepettunpeaeter·
