<?xml version="1.0" encoding="UTF-8"?>
<!DOCTYPE html PUBLIC "-//W3C//DTD XHTML 1.0 Transitional//EN"
    "http://www.w3.org/TR/xhtml1/DTD/xhtml1-transitional.dtd">
<html xmlns="http://www.w3.org/1999/xhtml" xml:lang="en" lang="en">
 <head>
  <title>
</title>
<meta http-equiv="Content-Type" content="text/html;charset=utf-8" />
  <meta name='ocr-system' content='tesseract 3.04.00' />
  <meta name='ocr-capabilities' content='ocr_page ocr_carea ocr_par ocr_line ocrx_word'/>
</head>
<body>
  <div class='ocr_page' id='page_1' title='image "./ccorneliitaciti02lipsgoog/ccorneliitaciti02lipsgoog_0072.png"; bbox 0 0 2925 4742; ppageno 0'>
   <div class='ocr_carea' id='block_1_1' title="bbox 109 222 1302 304">
    <p class='ocr_par' dir='ltr' id='par_1_1' title="bbox 109 222 1302 304">
     <span class='ocr_line' id='line_1_1' title="bbox 109 222 1302 304; baseline -0.014 -7"><span class='ocrx_word' id='word_1_1' title='bbox 109 222 113 230; x_wconf 85' lang='grc'><strong>’</strong></span> <span class='ocrx_word' id='word_1_2' title='bbox 189 229 276 300; x_wconf 59' lang='grc' dir='ltr'><strong>ΜΟ</strong></span> <span class='ocrx_word' id='word_1_3' title='bbox 509 238 784 291; x_wconf 85' lang='lat' dir='ltr'><strong>.·o.conrra1.rr</strong></span> <span class='ocrx_word' id='word_1_4' title='bbox 807 237 935 286; x_wconf 72' lang='lat' dir='ltr'><strong>ructor</strong></span> <span class='ocrx_word' id='word_1_5' title='bbox 1131 237 1302 304; x_wconf 55' lang='lat' dir='ltr'><strong>[aum</strong></span> 
     </span>
    </p>
   </div>
   <div class='ocr_carea' id='block_1_2' title="bbox 189 358 1302 680">
    <p class='ocr_par' dir='ltr' id='par_1_2' title="bbox 189 358 1302 680">
     <span class='ocr_line' id='line_1_2' title="bbox 189 358 1302 479; baseline -0.012 -21"><span class='ocrx_word' id='word_1_6' title='bbox 189 393 407 479; x_wconf 80' lang='lat' dir='ltr'><strong>praemunita3</strong></span> <span class='ocrx_word' id='word_1_7' title='bbox 421 361 560 466; x_wconf 71' lang='lat' dir='ltr'><strong>cextra,</strong></span> <span class='ocrx_word' id='word_1_8' title='bbox 575 392 699 454; x_wconf 77' lang='lat' dir='ltr'><strong>octava</strong></span> <span class='ocrx_word' id='word_1_9' title='bbox 710 405 771 470; x_wconf 84' lang='lat' dir='ltr'><strong>per</strong></span> <span class='ocrx_word' id='word_1_10' title='bbox 785 388 941 470; x_wconf 84' lang='lat' dir='ltr'><strong>apertam</strong></span> <span class='ocrx_word' id='word_1_11' title='bbox 956 381 1124 457; x_wconf 79' lang='lat' dir='ltr'><strong>lirssitoru,u</strong></span> <span class='ocrx_word' id='word_1_12' title='bbox 1136 358 1217 446; x_wconf 83' lang='lat' dir='ltr'><strong>mox</strong></span> <span class='ocrx_word' id='word_1_13' title='bbox 1230 387 1302 446; x_wconf 75' lang='lat' dir='ltr'><strong>uor-</strong></span> 
     </span>
     <span class='ocr_line' id='line_1_3' title="bbox 189 484 1302 578; baseline -0.015 -18"><span class='ocrx_word' id='word_1_14' title='bbox 189 491 791 578; x_wconf 66' lang='lat' dir='ltr'><strong>tta,⁴densisa1bustisvintersepta:&#39;</strong></span> <span class='ocrx_word' id='word_1_15' title='bbox 820 488 875 551; x_wconf 87' lang='lat' dir='ltr'><strong>hio</strong></span> <span class='ocrx_word' id='word_1_16' title='bbox 898 484 1088 567; x_wconf 83' lang='lat' dir='ltr'><strong>aquilarum</strong></span> <span class='ocrx_word' id='word_1_17' title='bbox 1109 485 1302 564; x_wconf 79' lang='lat' dir='ltr'><strong>signorum·</strong></span> 
     </span>
     <span class='ocr_line' id='line_1_4' title="bbox 192 583 1302 680; baseline -0.012 -20"><span class='ocrx_word' id='word_1_18' title='bbox 192 615 256 680; x_wconf 89' lang='lat' dir='ltr'><strong>quo</strong></span> <span class='ocrx_word' id='word_1_19' title='bbox 270 595 370 659; x_wconf 84' lang='lat' dir='ltr'><strong>ordo:</strong></span> <span class='ocrx_word' id='word_1_20' title='bbox 384 594 512 657; x_wconf 82' lang='lat' dir='ltr'><strong>&#39;milites</strong></span> <span class='ocrx_word' id='word_1_21' title='bbox 522 593 633 656; x_wconf 86' lang='lat' dir='ltr'><strong>mixli¹</strong></span> <span class='ocrx_word' id='word_1_22' title='bbox 648 609 708 674; x_wconf 86' lang='lat' dir='ltr'><strong>per</strong></span> <span class='ocrx_word' id='word_1_23' title='bbox 721 588 886 666; x_wconf 80' lang='lat' dir='ltr'><strong>tenebras,</strong></span> <span class='ocrx_word' id='word_1_24' title='bbox 901 594 939 652; x_wconf 91' lang='lat' dir='ltr'><strong>ut</strong></span> <span class='ocrx_word' id='word_1_25' title='bbox 950 583 1187 650; x_wconf 70' lang='lat' dir='ltr'><strong>toratuerato</strong></span> <span class='ocrx_word' id='word_1_26' title='bbox 1202 583 1302 648; x_wconf 82' lang='lat' dir='ltr'><strong>Proe-</strong></span> 
     </span>
    </p>
   </div>
   <div class='ocr_carea' id='block_1_3' title="bbox 192 793 1307 1000">
    <p class='ocr_par' dir='ltr' id='par_1_3' title="bbox 192 793 1307 1000">
     <span class='ocr_line' id='line_1_5' title="bbox 192 793 1303 886; baseline -0.007 -15"><span class='ocrx_word' id='word_1_27' title='bbox 192 822 240 872; x_wconf 83' lang='lat' dir='ltr'><strong>loro</strong></span> <span class='ocrx_word' id='word_1_28' title='bbox 250 833 321 870; x_wconf 82' lang='lat' dir='ltr'><strong>saruc</strong></span> <span class='ocrx_word' id='word_1_29' title='bbox 332 823 355 868; x_wconf 81' lang='lat' dir='ltr'><strong>el</strong></span> <span class='ocrx_word' id='word_1_30' title='bbox 363 823 461 882; x_wconf 57' lang='lat' dir='ltr'><strong>operta·</strong></span> <span class='ocrx_word' id='word_1_31' title='bbox 476 817 531 868; x_wconf 79' lang='lat' dir='ltr'><strong>deis</strong></span> <span class='ocrx_word' id='word_1_32' title='bbox 541 817 795 881; x_wconf 78' lang='lat' dir='ltr'><strong>tertiodecimo&#39;sps‘sris</strong></span> <span class='ocrx_word' id='word_1_33' title='bbox 803 815 960 881; x_wconf 66' lang='lat' dir='ltr'><strong>consmique</strong></span> <span class='ocrx_word' id='word_1_34' title='bbox 969 793 1236 878; x_wconf 59' lang='lat' dir='ltr'><strong>muniuerunt?</strong></span> <span class='ocrx_word' id='word_1_35' title='bbox 1246 813 1303 886; x_wconf 66' lang='lat' dir='ltr'><strong>boc</strong></span> 
     </span>
     <span class='ocr_line' id='line_1_6' title="bbox 195 881 1307 951; baseline -0.011 -14"><span class='ocrx_word' id='word_1_36' title='bbox 195 899 296 951; x_wconf 80' lang='lat' dir='ltr'><strong>agmen,</strong></span> <span class='ocrx_word' id='word_1_37' title='bbox 305 885 343 934; x_wconf 84' lang='lat' dir='ltr'><strong>lss&#39;c</strong></span> <span class='ocrx_word' id='word_1_38' title='bbox 353 885 409 933; x_wconf 81' lang='lat' dir='ltr'><strong>srrlo</strong></span> <span class='ocrx_word' id='word_1_39' title='bbox 417 883 552 946; x_wconf 80' lang='lat' dir='ltr'><strong>aquilarum</strong></span> <span class='ocrx_word' id='word_1_40' title='bbox 567 888 592 932; x_wconf 83' lang='lat' dir='ltr'><strong>et</strong></span> <span class='ocrx_word' id='word_1_41' title='bbox 601 882 736 944; x_wconf 68' lang='lat' dir='ltr'><strong>algemam</strong></span> <span class='ocrx_word' id='word_1_42' title='bbox 751 883 839 931; x_wconf 81' lang='lat' dir='ltr'><strong>milites</strong></span> <span class='ocrx_word' id='word_1_43' title='bbox 857 890 957 932; x_wconf 86' lang='lat' dir='ltr'><strong>temere</strong></span> <span class='ocrx_word' id='word_1_44' title='bbox 969 897 995 931; x_wconf 84' lang='lat' dir='ltr'><strong>se</strong></span> <span class='ocrx_word' id='word_1_45' title='bbox 1005 881 1163 931; x_wconf 69' lang='lat' dir='ltr'><strong>admiscebat</strong></span> <span class='ocrx_word' id='word_1_46' title='bbox 1171 895 1214 943; x_wconf 76' lang='lat' dir='ltr'><strong>per</strong></span> <span class='ocrx_word' id='word_1_47' title='bbox 1224 881 1307 928; x_wconf 74' lang='lat' dir='ltr'><strong>accim</strong></span> 
     </span>
     <span class='ocr_line' id='line_1_7' title="bbox 392 967 1236 1000; baseline -0.002 0"><span class='ocrx_word' id='word_1_48' title='bbox 392 967 409 1000; x_wconf 79' lang='lat' dir='ltr'><strong>a</strong></span> <span class='ocrx_word' id='word_1_49' title='bbox 1232 991 1236 998; x_wconf 84' lang='grc'><strong>.</strong></span> 
     </span>
    </p>
   </div>
   <div class='ocr_carea' id='block_1_4' title="bbox 194 1147 1307 1482">
    <p class='ocr_par' dir='ltr' id='par_1_4' title="bbox 194 1147 1307 1482">
     <span class='ocr_line' id='line_1_8' title="bbox 194 1147 1306 1219; baseline -0.007 -15"><span class='ocrx_word' id='word_1_50' title='bbox 194 1155 321 1219; x_wconf 82' lang='lat' dir='ltr'><strong>bns,quao</strong></span> <span class='ocrx_word' id='word_1_51' title='bbox 332 1163 409 1206; x_wconf 86' lang='lat' dir='ltr'><strong>crant</strong></span> <span class='ocrx_word' id='word_1_52' title='bbox 420 1155 531 1217; x_wconf 83' lang='lat' dir='ltr'><strong>septima</strong></span> <span class='ocrx_word' id='word_1_53' title='bbox 551 1153 681 1205; x_wconf 74' lang='lat' dir='ltr'><strong>Galbiana</strong></span> <span class='ocrx_word' id='word_1_54' title='bbox 697 1161 725 1204; x_wconf 88' lang='lat' dir='ltr'><strong>et</strong></span> <span class='ocrx_word' id='word_1_55' title='bbox 745 1153 936 1205; x_wconf 81' lang='lat' dir='ltr'><strong>tertiadecima.</strong></span> <span class='ocrx_word' id='word_1_56' title='bbox 969 1152 1127 1204; x_wconf 64' lang='lat' dir='ltr'><strong>entim—t</strong></span> <span class='ocrx_word' id='word_1_57' title='bbox 1144 1149 1215 1201; x_wconf 85' lang='lat' dir='ltr'><strong>Male</strong></span> <span class='ocrx_word' id='word_1_58' title='bbox 1234 1147 1306 1197; x_wconf 78' lang='lat' dir='ltr'><strong>Mas.</strong></span> 
     </span>
     <span class='ocr_line' id='line_1_9' title="bbox 195 1213 1306 1286; baseline -0.006 -18"><span class='ocrx_word' id='word_1_59' title='bbox 195 1227 224 1268; x_wconf 91' lang='lat' dir='ltr'><strong>et</strong></span> <span class='ocrx_word' id='word_1_60' title='bbox 242 1219 302 1268; x_wconf 80' lang='lat' dir='ltr'>libri</span> <span class='ocrx_word' id='word_1_61' title='bbox 321 1233 408 1271; x_wconf 74' lang='lat' dir='ltr'><strong>amuco</strong></span> <span class='ocrx_word' id='word_1_62' title='bbox 425 1218 498 1282; x_wconf 88' lang='lat' dir='ltr'><strong>editi,</strong></span> <span class='ocrx_word' id='word_1_63' title='bbox 510 1233 569 1269; x_wconf 90' lang='lat' dir='ltr'><strong>curn</strong></span> <span class='ocrx_word' id='word_1_64' title='bbox 582 1219 683 1282; x_wconf 83' lang='lat' dir='ltr'><strong>Ryckio</strong></span> <span class='ocrx_word' id='word_1_65' title='bbox 703 1227 731 1272; x_wconf 82' lang='lat' dir='ltr'><strong>et</strong></span> <span class='ocrx_word' id='word_1_66' title='bbox 749 1219 864 1268; x_wconf 82' lang='lat' dir='ltr'><strong>Gronov.</strong></span> <span class='ocrx_word' id='word_1_67' title='bbox 882 1235 939 1268; x_wconf 77' lang='lat' dir='ltr'><strong>saca</strong></span> <span class='ocrx_word' id='word_1_68' title='bbox 955 1218 1128 1267; x_wconf 69' lang='lat' dir='ltr'><strong>taliodecissa.</strong></span> <span class='ocrx_word' id='word_1_69' title='bbox 1160 1215 1214 1264; x_wconf 84' lang='lat' dir='ltr'><strong>Hic</strong></span> <span class='ocrx_word' id='word_1_70' title='bbox 1230 1213 1306 1286; x_wconf 78' lang='lat' dir='ltr'><strong>enim</strong></span> 
     </span>
     <span class='ocr_line' id='line_1_10' title="bbox 194 1281 1307 1348; baseline -0.007 -17"><span class='ocrx_word' id='word_1_71' title='bbox 194 1291 368 1332; x_wconf 80' lang='lat' dir='ltr'>memorantur</span> <span class='ocrx_word' id='word_1_72' title='bbox 386 1283 501 1332; x_wconf 86' lang='lat' dir='ltr'><strong>Moeeicae</strong></span> <span class='ocrx_word' id='word_1_73' title='bbox 513 1282 640 1346; x_wconf 79' lang='lat' dir='ltr'>legiones,</span> <span class='ocrx_word' id='word_1_74' title='bbox 650 1283 754 1332; x_wconf 84' lang='lat' dir='ltr'><strong>scilicet</strong></span> <span class='ocrx_word' id='word_1_75' title='bbox 766 1283 876 1348; x_wconf 83' lang='lat' dir='ltr'><strong>septima</strong></span> <span class='ocrx_word' id='word_1_76' title='bbox 888 1281 1041 1342; x_wconf 83' lang='lat' dir='ltr'><strong>Claudiana,</strong></span> <span class='ocrx_word' id='word_1_77' title='bbox 1053 1287 1155 1340; x_wconf 82' lang='lat' dir='ltr'><strong>octava,</strong></span> <span class='ocrx_word' id='word_1_78' title='bbox 1169 1285 1198 1327; x_wconf 85' lang='lat' dir='ltr'><strong>et</strong></span> <span class='ocrx_word' id='word_1_79' title='bbox 1212 1283 1307 1334; x_wconf 81' lang='lat' dir='ltr'><strong>terna,</strong></span> 
     </span>
     <span class='ocr_line' id='line_1_11' title="bbox 195 1340 1306 1411; baseline -0.005 -17"><span class='ocrx_word' id='word_1_80' title='bbox 195 1361 254 1410; x_wconf 79' lang='lat' dir='ltr'><strong>quer</strong></span> <span class='ocrx_word' id='word_1_81' title='bbox 272 1362 286 1394; x_wconf 88' lang='lat' dir='ltr'><strong>e</strong></span> <span class='ocrx_word' id='word_1_82' title='bbox 305 1345 382 1410; x_wconf 82' lang='lat' dir='ltr'><strong>Syria</strong></span> <span class='ocrx_word' id='word_1_83' title='bbox 393 1347 419 1396; x_wconf 89' lang='lat' dir='ltr'><strong>in</strong></span> <span class='ocrx_word' id='word_1_84' title='bbox 431 1346 549 1395; x_wconf 83' lang='lat' dir='ltr'><strong>Moesiam</strong></span> <span class='ocrx_word' id='word_1_85' title='bbox 560 1355 677 1398; x_wconf 82' lang='lat' dir='ltr'><strong>venerat.</strong></span> <span class='ocrx_word' id='word_1_86' title='bbox 711 1347 796 1411; x_wconf 86' lang='lat' dir='ltr'><strong>quue</strong></span> <span class='ocrx_word' id='word_1_87' title='bbox 808 1347 901 1396; x_wconf 85' lang='lat' dir='ltr'><strong>suadet</strong></span> <span class='ocrx_word' id='word_1_88' title='bbox 916 1354 969 1396; x_wconf 88' lang='lat' dir='ltr'><strong>tum</strong></span> <span class='ocrx_word' id='word_1_89' title='bbox 986 1347 1062 1408; x_wconf 84' lang='lat' dir='ltr'><strong>ordo,</strong></span> <span class='ocrx_word' id='word_1_90' title='bbox 1073 1346 1118 1409; x_wconf 91' lang='lat' dir='ltr'><strong>qui</strong></span> <span class='ocrx_word' id='word_1_91' title='bbox 1134 1345 1183 1393; x_wconf 88' lang='lat' dir='ltr'><strong>isoc</strong></span> <span class='ocrx_word' id='word_1_92' title='bbox 1199 1340 1226 1390; x_wconf 87' lang='lat' dir='ltr'><strong>in</strong></span> <span class='ocrx_word' id='word_1_93' title='bbox 1244 1340 1306 1389; x_wconf 81' lang='lat' dir='ltr'><strong>loon</strong></span> 
     </span>
     <span class='ocr_line' id='line_1_12' title="bbox 194 1411 1186 1482; baseline 0.002 -24"><span class='ocrx_word' id='word_1_94' title='bbox 194 1411 344 1482; x_wconf 80' lang='lat' dir='ltr'><strong>exponitur,</strong></span> <span class='ocrx_word' id='word_1_95' title='bbox 356 1416 410 1460; x_wconf 87' lang='lat' dir='ltr'><strong>tum</strong></span> <span class='ocrx_word' id='word_1_96' title='bbox 422 1426 481 1476; x_wconf 79' lang='lat' dir='ltr'><strong>qoae</strong></span> <span class='ocrx_word' id='word_1_97' title='bbox 492 1425 552 1460; x_wconf 80' lang='lat' dir='ltr'><strong>mox</strong></span> <span class='ocrx_word' id='word_1_98' title='bbox 564 1417 702 1462; x_wconf 88' lang='lat' dir='ltr'><strong>narrantur</strong></span> <span class='ocrx_word' id='word_1_99' title='bbox 712 1427 773 1476; x_wconf 84' lang='lat' dir='ltr'><strong>cap.</strong></span> <span class='ocrx_word' id='word_1_100' title='bbox 783 1416 815 1461; x_wconf 72' lang='lat'><strong>2³</strong></span> <span class='ocrx_word' id='word_1_101' title='bbox 827 1419 855 1462; x_wconf 87' lang='lat' dir='ltr'><strong>ct</strong></span> <span class='ocrx_word' id='word_1_102' title='bbox 865 1415 906 1463; x_wconf 74' lang='grc'><strong>24.</strong></span> <span class='ocrx_word' id='word_1_103' title='bbox 940 1411 1015 1460; x_wconf 80' lang='lat' dir='ltr'><strong>idem.</strong></span> <span class='ocrx_word' id='word_1_104' title='bbox 1183 1420 1186 1431; x_wconf 89' lang='grc'><em>·</em></span> 
     </span>
    </p>
   </div>
   <div class='ocr_carea' id='block_1_5' title="bbox 698 1589 805 1640">
    <p class='ocr_par' dir='ltr' id='par_1_5' title="bbox 698 1589 805 1640">
     <span class='ocr_line' id='line_1_13' title="bbox 698 1589 805 1640; baseline -0.009 0"><span class='ocrx_word' id='word_1_105' title='bbox 698 1589 805 1640; x_wconf 68' lang='lat' dir='ltr'><strong>Nom</strong></span> 
     </span>
    </p>
   </div>
   <div class='ocr_carea' id='block_1_6' title="bbox 194 1731 1314 4142">
    <p class='ocr_par' dir='ltr' id='par_1_6' title="bbox 194 1731 1314 4142">
     <span class='ocr_line' id='line_1_14' title="bbox 228 1731 1310 1800; baseline -0.002 -20"><span class='ocrx_word' id='word_1_106' title='bbox 228 1739 240 1764; x_wconf 82' lang='lat'><strong>¹¹</strong></span> <span class='ocrx_word' id='word_1_107' title='bbox 259 1731 423 1795; x_wconf 77' lang='lat' dir='ltr'><strong>Pcroperluss</strong></span> <span class='ocrx_word' id='word_1_108' title='bbox 438 1734 548 1797; x_wconf 61' lang='lat' dir='ltr'><strong>assuero]</strong></span> <span class='ocrx_word' id='word_1_109' title='bbox 571 1735 631 1784; x_wconf 85' lang='lat' dir='ltr'><strong>Non</strong></span> <span class='ocrx_word' id='word_1_110' title='bbox 641 1734 674 1784; x_wconf 87' lang='lat' dir='ltr'><strong>de</strong></span> <span class='ocrx_word' id='word_1_111' title='bbox 685 1749 728 1797; x_wconf 71' lang='lat' dir='ltr'><strong>cg·</strong></span> <span class='ocrx_word' id='word_1_112' title='bbox 769 1735 902 1800; x_wconf 84' lang='lat' dir='ltr'><strong>proprium</strong></span> <span class='ocrx_word' id='word_1_113' title='bbox 911 1733 1034 1785; x_wconf 73' lang='lat' dir='ltr'><strong>centurie</strong></span> <span class='ocrx_word' id='word_1_114' title='bbox 1041 1735 1219 1795; x_wconf 83' lang='lat' dir='ltr'><strong>sequerentur,</strong></span> <span class='ocrx_word' id='word_1_115' title='bbox 1227 1741 1310 1793; x_wconf 81' lang='lat' dir='ltr'><strong>prop·</strong></span> 
     </span>
     <span class='ocr_line' id='line_1_15' title="bbox 194 1807 1100 1872; baseline 0 -16"><span class='ocrx_word' id='word_1_116' title='bbox 194 1807 308 1869; x_wconf 77' lang='lat' dir='ltr'><strong>gereoioe</strong></span> <span class='ocrx_word' id='word_1_117' title='bbox 325 1807 393 1858; x_wconf 87' lang='lat' dir='ltr'><strong>forto</strong></span> <span class='ocrx_word' id='word_1_118' title='bbox 411 1810 437 1857; x_wconf 80' lang='lat' dir='ltr'><strong>id</strong></span> <span class='ocrx_word' id='word_1_119' title='bbox 458 1810 620 1872; x_wconf 86' lang='lat' dir='ltr'><strong>sumendum,</strong></span> <span class='ocrx_word' id='word_1_120' title='bbox 637 1811 682 1860; x_wconf 89' lang='lat' dir='ltr'><strong>sed</strong></span> <span class='ocrx_word' id='word_1_121' title='bbox 695 1810 729 1860; x_wconf 85' lang='lat' dir='ltr'><strong>de</strong></span> <span class='ocrx_word' id='word_1_122' title='bbox 769 1817 811 1861; x_wconf 90' lang='lat' dir='ltr'><strong>ter</strong></span> <span class='ocrx_word' id='word_1_123' title='bbox 818 1809 995 1859; x_wconf 79' lang='lat' dir='ltr'><strong>confusionem</strong></span> <span class='ocrx_word' id='word_1_124' title='bbox 1006 1807 1100 1857; x_wconf 88' lang='lat' dir='ltr'><strong>noctis.</strong></span> 
     </span>
     <span class='ocr_line' id='line_1_16' title="bbox 196 1878 1309 1950; baseline -0.003 -20"><span class='ocrx_word' id='word_1_125' title='bbox 196 1881 315 1946; x_wconf 77' lang='lat' dir='ltr'><strong>planitie,</strong></span> <span class='ocrx_word' id='word_1_126' title='bbox 332 1897 376 1931; x_wconf 86' lang='lat' dir='ltr'><strong>seo</strong></span> <span class='ocrx_word' id='word_1_127' title='bbox 389 1889 480 1948; x_wconf 85' lang='lat' dir='ltr'><strong>aperto</strong></span> <span class='ocrx_word' id='word_1_128' title='bbox 493 1898 523 1933; x_wconf 87' lang='lat' dir='ltr'><strong>ao</strong></span> <span class='ocrx_word' id='word_1_129' title='bbox 534 1899 617 1934; x_wconf 83' lang='lat' dir='ltr'><strong>vacuo</strong></span> <span class='ocrx_word' id='word_1_130' title='bbox 637 1885 730 1934; x_wconf 89' lang='lat' dir='ltr'><strong>libero·</strong></span> <span class='ocrx_word' id='word_1_131' title='bbox 775 1905 779 1909; x_wconf 88' lang='lat'>·</span> <span class='ocrx_word' id='word_1_132' title='bbox 802 1887 846 1936; x_wconf 91' lang='lat' dir='ltr'><strong>Ne</strong></span> <span class='ocrx_word' id='word_1_133' title='bbox 864 1886 947 1950; x_wconf 72' lang='lat' dir='ltr'><strong>igitar</strong></span> <span class='ocrx_word' id='word_1_134' title='bbox 962 1883 1101 1946; x_wconf 69' lang='lat' dir='ltr'><strong>intelligas,</strong></span> <span class='ocrx_word' id='word_1_135' title='bbox 1117 1879 1189 1945; x_wconf 82' lang='lat' dir='ltr'><strong>quasi</strong></span> <span class='ocrx_word' id='word_1_136' title='bbox 1197 1878 1309 1928; x_wconf 82' lang='lat' dir='ltr'><strong>tertiani</strong></span> 
     </span>
     <span class='ocr_line' id='line_1_17' title="bbox 199 1955 1309 2024; baseline -0.002 -19"><span class='ocrx_word' id='word_1_137' title='bbox 199 1971 249 2022; x_wconf 86' lang='lat' dir='ltr'><strong>que</strong></span> <span class='ocrx_word' id='word_1_138' title='bbox 260 1971 362 2020; x_wconf 82' lang='lat' dir='ltr'><strong>campo,</strong></span> <span class='ocrx_word' id='word_1_139' title='bbox 372 1964 403 2007; x_wconf 92' lang='lat' dir='ltr'><strong>nt</strong></span> <span class='ocrx_word' id='word_1_140' title='bbox 421 1957 564 2022; x_wconf 80' lang='lat' dir='ltr'><strong>distinguat</strong></span> <span class='ocrx_word' id='word_1_141' title='bbox 578 1961 686 2010; x_wconf 83' lang='lat' dir='ltr'><strong>&#39;l&#39;acitaa</strong></span> <span class='ocrx_word' id='word_1_142' title='bbox 697 1961 730 2010; x_wconf 84' lang='lat' dir='ltr'><strong>ab</strong></span> <span class='ocrx_word' id='word_1_143' title='bbox 770 1977 796 2011; x_wconf 83' lang='lat' dir='ltr'><strong>v.</strong></span> <span class='ocrx_word' id='word_1_144' title='bbox 814 1977 839 2024; x_wconf 81' lang='lat' dir='ltr'><strong>g.</strong></span> <span class='ocrx_word' id='word_1_145' title='bbox 852 1968 897 2010; x_wconf 87' lang='lat' dir='ltr'><strong>aot</strong></span> <span class='ocrx_word' id='word_1_146' title='bbox 907 1958 1045 2022; x_wconf 80' lang='lat' dir='ltr'><strong>septimani</strong></span> <span class='ocrx_word' id='word_1_147' title='bbox 1059 1955 1199 2006; x_wconf 70' lang='lat' dir='ltr'><strong>universim</strong></span> <span class='ocrx_word' id='word_1_148' title='bbox 1215 1967 1309 2018; x_wconf 80' lang='lat' dir='ltr'><strong>seque·</strong></span> 
     </span>
     <span class='ocr_line' id='line_1_18' title="bbox 196 2030 1309 2101; baseline -0.001 -21"><span class='ocrx_word' id='word_1_149' title='bbox 196 2031 253 2081; x_wconf 83' lang='lat' dir='ltr'><strong>aliis</strong></span> <span class='ocrx_word' id='word_1_150' title='bbox 265 2032 418 2096; x_wconf 77' lang='lat' dir='ltr'><strong>legionibus,</strong></span> <span class='ocrx_word' id='word_1_151' title='bbox 435 2035 520 2084; x_wconf 77' lang='lat' dir='ltr'><strong>seila</strong></span> <span class='ocrx_word' id='word_1_152' title='bbox 536 2035 657 2100; x_wconf 83' lang='lat' dir='ltr'><strong>septima,</strong></span> <span class='ocrx_word' id='word_1_153' title='bbox 673 2037 730 2101; x_wconf 70' lang='lat' dir='ltr'><strong>quse</strong></span> <span class='ocrx_word' id='word_1_154' title='bbox 770 2044 862 2087; x_wconf 74' lang='lat' dir='ltr'><strong>natur</strong></span> <span class='ocrx_word' id='word_1_155' title='bbox 880 2037 956 2086; x_wconf 87' lang='lat' dir='ltr'><strong>aliam</strong></span> <span class='ocrx_word' id='word_1_156' title='bbox 977 2034 1117 2100; x_wconf 69' lang='lat' dir='ltr'><strong>Aquilam</strong></span> <span class='ocrx_word' id='word_1_157' title='bbox 1136 2045 1195 2080; x_wconf 87' lang='lat' dir='ltr'><strong>nsor</strong></span> <span class='ocrx_word' id='word_1_158' title='bbox 1210 2030 1309 2080; x_wconf 77' lang='lat' dir='ltr'><strong>deltae·</strong></span> 
     </span>
     <span class='ocr_line' id='line_1_19' title="bbox 197 2107 1309 2175; baseline -0.001 -20"><span class='ocrx_word' id='word_1_159' title='bbox 197 2107 289 2168; x_wconf 74' lang='lat' dir='ltr'><strong>agresti</strong></span> <span class='ocrx_word' id='word_1_160' title='bbox 298 2107 366 2167; x_wconf 78' lang='lat' dir='ltr'><strong>fosso</strong></span> <span class='ocrx_word' id='word_1_161' title='bbox 376 2142 383 2157; x_wconf 90' lang='lat'><strong>.</strong></span> <span class='ocrx_word' id='word_1_162' title='bbox 394 2142 418 2157; x_wconf 89' lang='lat'><strong>..</strong></span> <span class='ocrx_word' id='word_1_163' title='bbox 434 2111 579 2172; x_wconf 75' lang='lat' dir='ltr'><strong>premonita</strong></span> <span class='ocrx_word' id='word_1_164' title='bbox 597 2119 663 2174; x_wconf 84' lang='lat' dir='ltr'><strong>erat,</strong></span> <span class='ocrx_word' id='word_1_165' title='bbox 678 2118 731 2160; x_wconf 84' lang='lat' dir='ltr'><strong>eta</strong></span> <span class='ocrx_word' id='word_1_166' title='bbox 771 2120 831 2163; x_wconf 85' lang='lat' dir='ltr'><strong>mat</strong></span> <span class='ocrx_word' id='word_1_167' title='bbox 848 2114 963 2163; x_wconf 85' lang='lat' dir='ltr'><strong>inter-so</strong></span> <span class='ocrx_word' id='word_1_168' title='bbox 979 2111 1033 2160; x_wconf 85' lang='lat' dir='ltr'><strong>noti</strong></span> <span class='ocrx_word' id='word_1_169' title='bbox 1050 2109 1153 2175; x_wconf 82' lang='lat' dir='ltr'><strong>plurimi</strong></span> <span class='ocrx_word' id='word_1_170' title='bbox 1164 2107 1309 2167; x_wconf 84' lang='lat' dir='ltr'><strong>valescere,</strong></span> 
     </span>
     <span class='ocr_line' id='line_1_20' title="bbox 198 2182 1309 2249; baseline -0.003 -18"><span class='ocrx_word' id='word_1_171' title='bbox 198 2183 389 2248; x_wconf 80' lang='lat' dir='ltr'><strong>tertiadecima,</strong></span> <span class='ocrx_word' id='word_1_172' title='bbox 411 2197 468 2248; x_wconf 78' lang='lat' dir='ltr'><strong>quse</strong></span> <span class='ocrx_word' id='word_1_173' title='bbox 486 2186 566 2235; x_wconf 65' lang='lat' dir='ltr'><strong>ceum</strong></span> <span class='ocrx_word' id='word_1_174' title='bbox 575 2186 678 2236; x_wconf 66' lang='lat' dir='ltr'><strong>moedis</strong></span> <span class='ocrx_word' id='word_1_175' title='bbox 694 2187 730 2234; x_wconf 74' lang='grc' dir='ltr'><strong>ἰη-</strong></span> <span class='ocrx_word' id='word_1_176' title='bbox 771 2195 800 2238; x_wconf 89' lang='lat' dir='ltr'><strong>et</strong></span> <span class='ocrx_word' id='word_1_177' title='bbox 811 2189 924 2238; x_wconf 85' lang='lat' dir='ltr'><strong>militare</strong></span> <span class='ocrx_word' id='word_1_178' title='bbox 935 2185 1076 2249; x_wconf 83' lang='lat' dir='ltr'><strong>corpussic</strong></span> <span class='ocrx_word' id='word_1_179' title='bbox 1097 2182 1255 2232; x_wconf 85' lang='lat' dir='ltr'><strong>constituere</strong></span> <span class='ocrx_word' id='word_1_180' title='bbox 1274 2193 1309 2229; x_wconf 91' lang='lat' dir='ltr'><strong>sc</strong></span> 
     </span>
     <span class='ocr_line' id='line_1_21' title="bbox 197 2255 1095 2322; baseline 0.009 -16"><span class='ocrx_word' id='word_1_181' title='bbox 197 2262 310 2322; x_wconf 79' lang='lat' dir='ltr'><strong>tersepta.</strong></span> <span class='ocrx_word' id='word_1_182' title='bbox 608 2289 611 2296; x_wconf 88' lang='lat'>·</span> <span class='ocrx_word' id='word_1_183' title='bbox 730 2277 736 2288; x_wconf 69' lang='lat'><em>¹</em></span> <span class='ocrx_word' id='word_1_184' title='bbox 771 2255 884 2312; x_wconf 83' lang='lat' dir='ltr'><strong>fir&#39;mare.</strong></span> <span class='ocrx_word' id='word_1_185' title='bbox 1091 2288 1095 2296; x_wconf 60' lang='lat'><strong>⁴</strong></span> 
     </span>
     <span class='ocr_line' id='line_1_22' title="bbox 203 2332 1310 2400; baseline -0.004 -16"><span class='ocrx_word' id='word_1_186' title='bbox 203 2335 347 2384; x_wconf 42' lang='lat' dir='ltr'><strong>dnonas</strong></span> <span class='ocrx_word' id='word_1_187' title='bbox 388 2335 503 2399; x_wconf 55' lang='lat' dir='ltr'><strong>mustis]</strong></span> <span class='ocrx_word' id='word_1_188' title='bbox 534 2335 633 2386; x_wconf 80' lang='lat' dir='ltr'><strong>Vertit.</strong></span> <span class='ocrx_word' id='word_1_189' title='bbox 662 2337 731 2388; x_wconf 85' lang='lat' dir='ltr'><strong>Clas.</strong></span> <span class='ocrx_word' id='word_1_190' title='bbox 778 2338 854 2389; x_wconf 80' lang='lat' dir='ltr'><strong>·Se‹l</strong></span> <span class='ocrx_word' id='word_1_191' title='bbox 863 2337 947 2400; x_wconf 87' lang='lat' dir='ltr'><strong>multi,</strong></span> <span class='ocrx_word' id='word_1_192' title='bbox 957 2337 1000 2386; x_wconf 85' lang='lat' dir='ltr'><strong>vel</strong></span> <span class='ocrx_word' id='word_1_193' title='bbox 1010 2335 1090 2400; x_wconf 79' lang='lat' dir='ltr'><strong>forte,</strong></span> <span class='ocrx_word' id='word_1_194' title='bbox 1099 2335 1142 2384; x_wconf 83' lang='lat' dir='ltr'><strong>sel</strong></span> <span class='ocrx_word' id='word_1_195' title='bbox 1153 2338 1256 2397; x_wconf 81' lang='lat' dir='ltr'><strong>sponte,</strong></span> <span class='ocrx_word' id='word_1_196' title='bbox 1267 2332 1310 2380; x_wconf 87' lang='lat' dir='ltr'><strong>ln·</strong></span> 
     </span>
     <span class='ocr_line' id='line_1_23' title="bbox 198 2409 1312 2474; baseline -0.003 -15"><span class='ocrx_word' id='word_1_197' title='bbox 198 2409 329 2471; x_wconf 78' lang='lat' dir='ltr'><strong>Harlaeua,</strong></span> <span class='ocrx_word' id='word_1_198' title='bbox 349 2411 422 2474; x_wconf 80' lang='lat' dir='ltr'><strong>qusai</strong></span> <span class='ocrx_word' id='word_1_199' title='bbox 445 2411 518 2460; x_wconf 87' lang='lat' dir='ltr'><strong>locus</strong></span> <span class='ocrx_word' id='word_1_200' title='bbox 540 2411 585 2460; x_wconf 87' lang='lat' dir='ltr'><strong>ille</strong></span> <span class='ocrx_word' id='word_1_201' title='bbox 604 2411 686 2462; x_wconf 84' lang='lat' dir='ltr'><strong>domis</strong></span> <span class='ocrx_word' id='word_1_202' title='bbox 704 2419 732 2462; x_wconf 85' lang='lat' dir='ltr'><strong>et</strong></span> <span class='ocrx_word' id='word_1_203' title='bbox 772 2419 814 2462; x_wconf 83' lang='lat' dir='ltr'><strong>ter</strong></span> <span class='ocrx_word' id='word_1_204' title='bbox 835 2413 958 2463; x_wconf 80' lang='lat' dir='ltr'><strong>tenebras</strong></span> <span class='ocrx_word' id='word_1_205' title='bbox 977 2411 1186 2461; x_wconf 82' lang='lat' dir='ltr'><strong>abstractissuo</strong></span> <span class='ocrx_word' id='word_1_206' title='bbox 1203 2409 1312 2470; x_wconf 78' lang='lat' dir='ltr'><strong>vexillo,</strong></span> 
     </span>
     <span class='ocr_line' id='line_1_24' title="bbox 197 2479 1310 2553; baseline -0.001 -20"><span class='ocrx_word' id='word_1_207' title='bbox 197 2483 321 2548; x_wconf 76' lang='lat' dir='ltr'><strong>vepribus</strong></span> <span class='ocrx_word' id='word_1_208' title='bbox 342 2485 452 2535; x_wconf 79' lang='lat' dir='ltr'><strong>infestae</strong></span> <span class='ocrx_word' id='word_1_209' title='bbox 470 2484 567 2536; x_wconf 71' lang='lat' dir='ltr'><strong>suem:</strong></span> <span class='ocrx_word' id='word_1_210' title='bbox 592 2488 638 2536; x_wconf 84' lang='lat' dir='ltr'><strong>scd</strong></span> <span class='ocrx_word' id='word_1_211' title='bbox 659 2497 732 2551; x_wconf 85' lang='lat' dir='ltr'><strong>puto,</strong></span> <span class='ocrx_word' id='word_1_212' title='bbox 772 2505 801 2539; x_wconf 86' lang='lat' dir='ltr'><strong>se</strong></span> <span class='ocrx_word' id='word_1_213' title='bbox 815 2488 959 2538; x_wconf 83' lang='lat' dir='ltr'><strong>miscebant</strong></span> <span class='ocrx_word' id='word_1_214' title='bbox 974 2489 1073 2553; x_wconf 65' lang='lat' dir='ltr'><strong>pullo,</strong></span> <span class='ocrx_word' id='word_1_215' title='bbox 1084 2491 1162 2551; x_wconf 80' lang='lat' dir='ltr'><strong>prout</strong></span> <span class='ocrx_word' id='word_1_216' title='bbox 1173 2479 1228 2534; x_wconf 76' lang='lat' dir='ltr'><strong>fors</strong></span> <span class='ocrx_word' id='word_1_217' title='bbox 1239 2485 1310 2533; x_wconf 81' lang='lat' dir='ltr'><strong>tule-</strong></span> 
     </span>
     <span class='ocr_line' id='line_1_25' title="bbox 198 2559 1310 2629; baseline 0 -21"><span class='ocrx_word' id='word_1_218' title='bbox 198 2559 304 2610; x_wconf 87' lang='lat' dir='ltr'><strong>arbusta</strong></span> <span class='ocrx_word' id='word_1_219' title='bbox 320 2559 481 2610; x_wconf 84' lang='lat' dir='ltr'><strong>illafueruat</strong></span> <span class='ocrx_word' id='word_1_220' title='bbox 495 2560 592 2623; x_wconf 81' lang='lat' dir='ltr'><strong>aalide,</strong></span> <span class='ocrx_word' id='word_1_221' title='bbox 613 2569 641 2611; x_wconf 87' lang='lat' dir='ltr'><strong>et</strong></span> <span class='ocrx_word' id='word_1_222' title='bbox 663 2561 732 2612; x_wconf 82' lang='lat' dir='ltr'><strong>sorte</strong></span> <span class='ocrx_word' id='word_1_223' title='bbox 773 2573 825 2625; x_wconf 87' lang='lat' dir='ltr'><strong>rat,</strong></span> <span class='ocrx_word' id='word_1_224' title='bbox 840 2563 921 2627; x_wconf 83' lang='lat' dir='ltr'><strong>-apnd</strong></span> <span class='ocrx_word' id='word_1_225' title='bbox 949 2577 1137 2629; x_wconf 82' lang='lat' dir='ltr'><strong>quamcumque</strong></span> <span class='ocrx_word' id='word_1_226' title='bbox 1161 2560 1310 2610; x_wconf 73' lang='lat' dir='ltr'><strong>centurione</strong></span> 
     </span>
     <span class='ocr_line' id='line_1_26' title="bbox 199 2633 1190 2701; baseline 0.001 -16"><span class='ocrx_word' id='word_1_227' title='bbox 199 2635 291 2685; x_wconf 71' lang='lat' dir='ltr'><strong>cedas</strong></span> <span class='ocrx_word' id='word_1_228' title='bbox 301 2637 375 2700; x_wconf 78' lang='lat' dir='ltr'><strong>sylva</strong></span> <span class='ocrx_word' id='word_1_229' title='bbox 396 2633 456 2694; x_wconf 76' lang='lat' dir='ltr'><strong>fait,</strong></span> <span class='ocrx_word' id='word_1_230' title='bbox 473 2637 512 2686; x_wconf 88' lang='lat' dir='ltr'><strong>ita</strong></span> <span class='ocrx_word' id='word_1_231' title='bbox 523 2642 553 2686; x_wconf 92' lang='lat' dir='ltr'><strong>ut</strong></span> <span class='ocrx_word' id='word_1_232' title='bbox 564 2651 627 2685; x_wconf 83' lang='lat' dir='ltr'><strong>saxa</strong></span> <span class='ocrx_word' id='word_1_233' title='bbox 639 2644 666 2686; x_wconf 87' lang='lat' dir='ltr'><strong>et</strong></span> <span class='ocrx_word' id='word_1_234' title='bbox 679 2638 732 2687; x_wconf 87' lang='lat' dir='ltr'><strong>tels</strong></span> <span class='ocrx_word' id='word_1_235' title='bbox 773 2641 968 2701; x_wconf 86' lang='lat' dir='ltr'><strong>aotcolsortem,</strong></span> <span class='ocrx_word' id='word_1_236' title='bbox 978 2653 1080 2688; x_wconf 85' lang='lat' dir='ltr'><strong>suoram</strong></span> <span class='ocrx_word' id='word_1_237' title='bbox 1091 2644 1190 2687; x_wconf 88' lang='lat' dir='ltr'><strong>tameo.</strong></span> 
     </span>
     <span class='ocr_line' id='line_1_27' title="bbox 196 2711 1311 2776; baseline -0.003 -14"><span class='ocrx_word' id='word_1_238' title='bbox 196 2711 296 2762; x_wconf 86' lang='lat' dir='ltr'><strong>balistis</strong></span> <span class='ocrx_word' id='word_1_239' title='bbox 325 2711 545 2775; x_wconf 74' lang='lat' dir='ltr'><strong>immissa,aylvae</strong></span> <span class='ocrx_word' id='word_1_240' title='bbox 565 2725 731 2763; x_wconf 86' lang='lat' dir='ltr'><strong>occursare·</strong></span> <span class='ocrx_word' id='word_1_241' title='bbox 778 2733 782 2740; x_wconf 94' lang='lat'><em>·</em></span> <span class='ocrx_word' id='word_1_242' title='bbox 808 2714 903 2773; x_wconf 81' lang='lat' dir='ltr'><strong>Utforc</strong></span> <span class='ocrx_word' id='word_1_243' title='bbox 912 2713 1012 2776; x_wconf 58' lang='lat' dir='ltr'><strong>nasot]</strong></span> <span class='ocrx_word' id='word_1_244' title='bbox 1029 2713 1114 2763; x_wconf 79' lang='lat' dir='ltr'><strong>Addit</strong></span> <span class='ocrx_word' id='word_1_245' title='bbox 1124 2727 1158 2774; x_wconf 80' lang='lat' dir='ltr'><strong>ex</strong></span> <span class='ocrx_word' id='word_1_246' title='bbox 1168 2726 1215 2762; x_wconf 89' lang='lat' dir='ltr'><strong>suo</strong></span> <span class='ocrx_word' id='word_1_247' title='bbox 1227 2711 1311 2760; x_wconf 84' lang='lat' dir='ltr'><strong>inter-</strong></span> 
     </span>
     <span class='ocr_line' id='line_1_28' title="bbox 198 2785 1311 2855; baseline -0.001 -17"><span class='ocrx_word' id='word_1_248' title='bbox 198 2787 379 2838; x_wconf 76' lang='lat' dir='ltr'><strong>tunderentur.</strong></span> <span class='ocrx_word' id='word_1_249' title='bbox 411 2785 501 2850; x_wconf 86' lang='lat' dir='ltr'><strong>lofrs;</strong></span> <span class='ocrx_word' id='word_1_250' title='bbox 518 2789 568 2838; x_wconf 90' lang='lat' dir='ltr'><strong>‘ut</strong></span> <span class='ocrx_word' id='word_1_251' title='bbox 583 2789 731 2839; x_wconf 84' lang='lat' dir='ltr'><strong>selovacno</strong></span> <span class='ocrx_word' id='word_1_252' title='bbox 773 2805 833 2855; x_wconf 78' lang='lat' dir='ltr'><strong>pres</strong></span> <span class='ocrx_word' id='word_1_253' title='bbox 845 2791 920 2854; x_wconf 80' lang='lat' dir='ltr'><strong>Hisp.</strong></span> <span class='ocrx_word' id='word_1_254' title='bbox 941 2788 1264 2840; x_wconf 75' lang='lat' dir='ltr'><strong>‘Nalloordlnemilitiae’</strong></span> <span class='ocrx_word' id='word_1_255' title='bbox 1280 2803 1311 2837; x_wconf 83' lang='lat' dir='ltr'><strong>se</strong></span> 
     </span>
     <span class='ocr_line' id='line_1_29' title="bbox 199 2865 1311 2930; baseline 0 -18"><span class='ocrx_word' id='word_1_256' title='bbox 199 2870 277 2928; x_wconf 87' lang='lat' dir='ltr'><strong>atque</strong></span> <span class='ocrx_word' id='word_1_257' title='bbox 289 2871 378 2927; x_wconf 84' lang='lat' dir='ltr'><strong>aperto</strong></span> <span class='ocrx_word' id='word_1_258' title='bbox 398 2870 593 2926; x_wconf 78' lang='lat' dir='ltr'><strong>excuterentur,</strong></span> <span class='ocrx_word' id='word_1_259' title='bbox 614 2865 731 2928; x_wconf 78' lang='lat' dir='ltr'><strong>dispersa</strong></span> <span class='ocrx_word' id='word_1_260' title='bbox 771 2867 921 2917; x_wconf 85' lang='lat' dir='ltr'><strong>miacuisse:</strong></span> <span class='ocrx_word' id='word_1_261' title='bbox 944 2865 1125 2930; x_wconf 72' lang='lat' dir='ltr'><strong>quodfalsum.</strong></span> <span class='ocrx_word' id='word_1_262' title='bbox 1159 2866 1220 2914; x_wconf 88' lang='lat' dir='ltr'><strong>Noa</strong></span> <span class='ocrx_word' id='word_1_263' title='bbox 1234 2869 1311 2913; x_wconf 84' lang='lat' dir='ltr'><strong>certe</strong></span> 
     </span>
     <span class='ocr_line' id='line_1_30' title="bbox 200 2937 1312 3006; baseline 0.001 -20"><span class='ocrx_word' id='word_1_264' title='bbox 200 2940 282 3002; x_wconf 84' lang='lat' dir='ltr'><strong>primo</strong></span> <span class='ocrx_word' id='word_1_265' title='bbox 294 2946 322 2987; x_wconf 86' lang='lat' dir='ltr'><strong>et</strong></span> <span class='ocrx_word' id='word_1_266' title='bbox 333 2937 445 2987; x_wconf 87' lang='lat' dir='ltr'><strong>arbustis</strong></span> <span class='ocrx_word' id='word_1_267' title='bbox 456 2939 510 2987; x_wconf 90' lang='lat' dir='ltr'><strong>siae</strong></span> <span class='ocrx_word' id='word_1_268' title='bbox 529 2939 641 2988; x_wconf 84' lang='lat' dir='ltr'><strong>hostium</strong></span> <span class='ocrx_word' id='word_1_269' title='bbox 664 2954 731 2991; x_wconf 81' lang='lat' dir='ltr'><strong>noxa</strong></span> <span class='ocrx_word' id='word_1_270' title='bbox 771 2956 860 2992; x_wconf 83' lang='lat' dir='ltr'><strong>omnes</strong></span> <span class='ocrx_word' id='word_1_271' title='bbox 872 2943 944 3006; x_wconf 71' lang='lat' dir='ltr'><strong>signa</strong></span> <span class='ocrx_word' id='word_1_272' title='bbox 955 2959 1002 2992; x_wconf 91' lang='lat' dir='ltr'><strong>sna</strong></span> <span class='ocrx_word' id='word_1_273' title='bbox 1012 2957 1130 3005; x_wconf 87' lang='lat' dir='ltr'><strong>noscere,</strong></span> <span class='ocrx_word' id='word_1_274' title='bbox 1148 2949 1179 2990; x_wconf 92' lang='lat' dir='ltr'><strong>ut</strong></span> <span class='ocrx_word' id='word_1_275' title='bbox 1189 2941 1259 2990; x_wconf 89' lang='lat' dir='ltr'><strong>inter</strong></span> <span class='ocrx_word' id='word_1_276' title='bbox 1270 2946 1312 2988; x_wconf 89' lang='lat' dir='ltr'><strong>te·</strong></span> 
     </span>
     <span class='ocr_line' id='line_1_31' title="bbox 200 3011 1310 3081; baseline -0.005 -13"><span class='ocrx_word' id='word_1_277' title='bbox 200 3011 288 3062; x_wconf 64' lang='lat' dir='ltr'><strong>illitu!</strong></span> <span class='ocrx_word' id='word_1_278' title='bbox 773 3018 876 3081; x_wconf 84' lang='lat' dir='ltr'><strong>achras,</strong></span> <span class='ocrx_word' id='word_1_279' title='bbox 884 3025 912 3068; x_wconf 91' lang='lat' dir='ltr'><strong>et</strong></span> <span class='ocrx_word' id='word_1_280' title='bbox 922 3019 970 3069; x_wconf 81' lang='lat' dir='ltr'><strong>aab</strong></span> <span class='ocrx_word' id='word_1_281' title='bbox 983 3018 1034 3067; x_wconf 88' lang='lat' dir='ltr'><strong>illis</strong></span> <span class='ocrx_word' id='word_1_282' title='bbox 1043 3026 1146 3068; x_wconf 86' lang='lat' dir='ltr'><strong>certare</strong></span> <span class='ocrx_word' id='word_1_283' title='bbox 1158 3022 1310 3080; x_wconf 86' lang='lat' dir='ltr'><strong>potueruut.</strong></span> 
     </span>
     <span class='ocr_line' id='line_1_32' title="bbox 231 3086 1312 3156; baseline 0.004 -21"><span class='ocrx_word' id='word_1_284' title='bbox 231 3095 247 3120; x_wconf 77' lang='lat'><strong>¹¹</strong></span> <span class='ocrx_word' id='word_1_285' title='bbox 264 3086 520 3151; x_wconf 77' lang='lat' dir='ltr'><strong>lotersepla]1nterp.</strong></span> <span class='ocrx_word' id='word_1_286' title='bbox 533 3088 733 3152; x_wconf 85' lang='lat' dir='ltr'><strong>Hiap.‘Disiss</strong></span> <span class='ocrx_word' id='word_1_287' title='bbox 774 3093 899 3143; x_wconf 76' lang='lat' dir='ltr'><strong>Attamen</strong></span> <span class='ocrx_word' id='word_1_288' title='bbox 922 3093 997 3156; x_wconf 74' lang='lat' dir='ltr'><strong>signa</strong></span> <span class='ocrx_word' id='word_1_289' title='bbox 1015 3108 1062 3142; x_wconf 87' lang='lat' dir='ltr'><strong>seo</strong></span> <span class='ocrx_word' id='word_1_290' title='bbox 1088 3091 1184 3140; x_wconf 79' lang='lat' dir='ltr'><strong>vexilla</strong></span> <span class='ocrx_word' id='word_1_291' title='bbox 1205 3103 1312 3139; x_wconf 87' lang='lat' dir='ltr'><strong>saararn</strong></span> 
     </span>
     <span class='ocr_line' id='line_1_33' title="bbox 201 3164 1312 3233; baseline -0.001 -18"><span class='ocrx_word' id='word_1_292' title='bbox 201 3165 313 3216; x_wconf 77' lang='lat' dir='ltr'><strong>arbustis</strong></span> <span class='ocrx_word' id='word_1_293' title='bbox 340 3172 368 3214; x_wconf 85' lang='lat' dir='ltr'><strong>et</strong></span> <span class='ocrx_word' id='word_1_294' title='bbox 389 3164 512 3215; x_wconf 65' lang='lat' dir='ltr'><strong>defensa!</strong></span> <span class='ocrx_word' id='word_1_295' title='bbox 548 3167 690 3230; x_wconf 77' lang='lat' dir='ltr'><strong>Istmeptc,</strong></span> <span class='ocrx_word' id='word_1_296' title='bbox 708 3167 736 3217; x_wconf 90' lang='lat' dir='ltr'><strong>id</strong></span> <span class='ocrx_word' id='word_1_297' title='bbox 775 3169 902 3232; x_wconf 75' lang='lat' dir='ltr'><strong>legionum</strong></span> <span class='ocrx_word' id='word_1_298' title='bbox 915 3169 1023 3233; x_wconf 83' lang='lat' dir='ltr'><strong>quisque</strong></span> <span class='ocrx_word' id='word_1_299' title='bbox 1039 3167 1200 3217; x_wconf 86' lang='lat' dir='ltr'><strong>secatisant.</strong></span> <span class='ocrx_word' id='word_1_300' title='bbox 1233 3166 1312 3216; x_wconf 83' lang='lat' dir='ltr'><strong>Licet</strong></span> 
     </span>
     <span class='ocr_line' id='line_1_34' title="bbox 200 3241 1313 3310; baseline -0.001 -19"><span class='ocrx_word' id='word_1_301' title='bbox 200 3248 251 3304; x_wconf 84' lang='lat' dir='ltr'><strong>est,</strong></span> <span class='ocrx_word' id='word_1_302' title='bbox 263 3246 384 3304; x_wconf 85' lang='lat' dir='ltr'><strong>separata</strong></span> <span class='ocrx_word' id='word_1_303' title='bbox 402 3241 511 3291; x_wconf 87' lang='lat' dir='ltr'><strong>arbustis</strong></span> <span class='ocrx_word' id='word_1_304' title='bbox 523 3257 538 3291; x_wconf 90' lang='lat' dir='ltr'><strong>a</strong></span> <span class='ocrx_word' id='word_1_305' title='bbox 549 3241 611 3305; x_wconf 83' lang='lat' dir='ltr'><strong>suia,</strong></span> <span class='ocrx_word' id='word_1_306' title='bbox 631 3243 671 3291; x_wconf 86' lang='lat' dir='ltr'><strong>sel</strong></span> <span class='ocrx_word' id='word_1_307' title='bbox 690 3242 737 3292; x_wconf 86' lang='lat' dir='ltr'><strong>eti·</strong></span> <span class='ocrx_word' id='word_1_308' title='bbox 775 3246 932 3310; x_wconf 84' lang='lat' dir='ltr'><strong>promiscue‚</strong></span> <span class='ocrx_word' id='word_1_309' title='bbox 947 3244 1151 3293; x_wconf 82' lang='lat' dir='ltr'><strong>orsline&#39;arilitisa</strong></span> <span class='ocrx_word' id='word_1_310' title='bbox 1161 3248 1259 3303; x_wconf 82' lang='lat' dir='ltr'><strong>tamea,</strong></span> <span class='ocrx_word' id='word_1_311' title='bbox 1268 3255 1313 3291; x_wconf 84' lang='lat' dir='ltr'><strong>re·</strong></span> 
     </span>
     <span class='ocr_line' id='line_1_35' title="bbox 201 3317 1312 3380; baseline -0.001 -14"><span class='ocrx_word' id='word_1_312' title='bbox 201 3331 242 3367; x_wconf 88' lang='lat' dir='ltr'><strong>am</strong></span> <span class='ocrx_word' id='word_1_313' title='bbox 251 3318 284 3367; x_wconf 85' lang='lat' dir='ltr'><strong>ab</strong></span> <span class='ocrx_word' id='word_1_314' title='bbox 295 3319 378 3368; x_wconf 85' lang='lat' dir='ltr'><strong>hoste.</strong></span> <span class='ocrx_word' id='word_1_315' title='bbox 776 3326 861 3370; x_wconf 81' lang='lat' dir='ltr'><strong>tostus</strong></span> <span class='ocrx_word' id='word_1_316' title='bbox 880 3320 953 3368; x_wconf 82' lang='lat' dir='ltr'><strong>miles</strong></span> <span class='ocrx_word' id='word_1_317' title='bbox 973 3320 1096 3380; x_wconf 83' lang='lat' dir='ltr'><strong>certarit,</strong></span> <span class='ocrx_word' id='word_1_318' title='bbox 1121 3323 1150 3366; x_wconf 88' lang='lat' dir='ltr'><strong>et</strong></span> <span class='ocrx_word' id='word_1_319' title='bbox 1175 3317 1312 3380; x_wconf 73' lang='lat' dir='ltr'><strong>precipue</strong></span> 
     </span>
     <span class='ocr_line' id='line_1_36' title="bbox 233 3391 1314 3459; baseline -0.002 -17"><span class='ocrx_word' id='word_1_320' title='bbox 233 3399 246 3426; x_wconf 84' lang='lat'>¹</span> <span class='ocrx_word' id='word_1_321' title='bbox 262 3393 357 3442; x_wconf 82' lang='lat' dir='ltr'><strong>Milites</strong></span> <span class='ocrx_word' id='word_1_322' title='bbox 376 3393 458 3458; x_wconf 71' lang='lat' dir='ltr'><strong>misti]</strong></span> <span class='ocrx_word' id='word_1_323' title='bbox 490 3394 542 3444; x_wconf 87' lang='lat' dir='ltr'><strong>Hic</strong></span> <span class='ocrx_word' id='word_1_324' title='bbox 562 3394 625 3443; x_wconf 89' lang='lat' dir='ltr'><strong>ordo</strong></span> <span class='ocrx_word' id='word_1_325' title='bbox 638 3395 735 3458; x_wconf 85' lang='lat' dir='ltr'><strong>aquila·</strong></span> <span class='ocrx_word' id='word_1_326' title='bbox 776 3391 1314 3459; x_wconf 76' lang='lat' dir='ltr'><strong>bonisignismishaudrlnbleastiterunt,</strong></span> 
     </span>
     <span class='ocr_line' id='line_1_37' title="bbox 201 3465 1313 3533; baseline -0.004 -13"><span class='ocrx_word' id='word_1_327' title='bbox 201 3485 268 3533; x_wconf 85' lang='lat' dir='ltr'><strong>rum,</strong></span> <span class='ocrx_word' id='word_1_328' title='bbox 291 3485 338 3520; x_wconf 90' lang='lat' dir='ltr'><strong>sea</strong></span> <span class='ocrx_word' id='word_1_329' title='bbox 361 3471 490 3533; x_wconf 75' lang='lat' dir='ltr'><strong>legionum</strong></span> <span class='ocrx_word' id='word_1_330' title='bbox 511 3478 556 3520; x_wconf 84' lang='lat' dir='ltr'><strong>aut</strong></span> <span class='ocrx_word' id='word_1_331' title='bbox 585 3472 735 3522; x_wconf 84' lang='lat' dir='ltr'><strong>vexillorum</strong></span> <span class='ocrx_word' id='word_1_332' title='bbox 775 3486 826 3521; x_wconf 87' lang='lat' dir='ltr'><strong>neo</strong></span> <span class='ocrx_word' id='word_1_333' title='bbox 853 3471 962 3520; x_wconf 83' lang='lat' dir='ltr'><strong>(lacibus</strong></span> <span class='ocrx_word' id='word_1_334' title='bbox 991 3470 1044 3518; x_wconf 88' lang='lat' dir='ltr'><strong>suis</strong></span> <span class='ocrx_word' id='word_1_335' title='bbox 1081 3475 1128 3517; x_wconf 86' lang='lat' dir='ltr'><strong>aut</strong></span> <span class='ocrx_word' id='word_1_336' title='bbox 1155 3465 1313 3532; x_wconf 81' lang='lat' dir='ltr'><strong>primoribus</strong></span> 
     </span>
     <span class='ocr_line' id='line_1_38' title="bbox 199 3544 1128 3608; baseline -0.004 -11"><span class='ocrx_word' id='word_1_337' title='bbox 199 3546 268 3607; x_wconf 62' lang='lat' dir='ltr'><strong>fain</strong></span> <span class='ocrx_word' id='word_1_338' title='bbox 291 3553 320 3596; x_wconf 86' lang='lat' dir='ltr'><strong>ut</strong></span> <span class='ocrx_word' id='word_1_339' title='bbox 336 3547 444 3607; x_wconf 87' lang='lat' dir='ltr'><strong>milltes,</strong></span> <span class='ocrx_word' id='word_1_340' title='bbox 463 3555 493 3596; x_wconf 92' lang='lat' dir='ltr'><strong>ut</strong></span> <span class='ocrx_word' id='word_1_341' title='bbox 515 3548 583 3597; x_wconf 86' lang='lat' dir='ltr'><strong>inter</strong></span> <span class='ocrx_word' id='word_1_342' title='bbox 606 3548 735 3608; x_wconf 82' lang='lat' dir='ltr'><strong>tenebrae,</strong></span> <span class='ocrx_word' id='word_1_343' title='bbox 775 3547 970 3597; x_wconf 86' lang='lat' dir='ltr'><strong>centurionibus</strong></span> <span class='ocrx_word' id='word_1_344' title='bbox 978 3544 1128 3595; x_wconf 81' lang='lat' dir='ltr'><strong>defuerunt.</strong></span> 
     </span>
     <span class='ocr_line' id='line_1_39' title="bbox 201 3619 1314 3690; baseline -0.004 -17"><span class='ocrx_word' id='word_1_345' title='bbox 201 3625 245 3674; x_wconf 85' lang='lat' dir='ltr'><strong>rix</strong></span> <span class='ocrx_word' id='word_1_346' title='bbox 259 3638 313 3674; x_wconf 64' lang='lat' dir='ltr'><strong>‘sua</strong></span> <span class='ocrx_word' id='word_1_347' title='bbox 333 3623 405 3686; x_wconf 78' lang='lat' dir='ltr'><strong>signa</strong></span> <span class='ocrx_word' id='word_1_348' title='bbox 422 3625 608 3687; x_wconf 75' lang='lat' dir='ltr'><strong>agnoscebant.</strong></span> <span class='ocrx_word' id='word_1_349' title='bbox 642 3627 736 3690; x_wconf 86' lang='lat' dir='ltr'><strong>ltaque</strong></span> <span class='ocrx_word' id='word_1_350' title='bbox 808 3623 866 3671; x_wconf 87' lang='lat' dir='ltr'><strong>Nec</strong></span> <span class='ocrx_word' id='word_1_351' title='bbox 881 3621 949 3671; x_wconf 79' lang='lat' dir='ltr'><strong>forte</strong></span> <span class='ocrx_word' id='word_1_352' title='bbox 961 3620 1169 3684; x_wconf 72' lang='lat' dir='ltr'><strong>intelligendum,</strong></span> <span class='ocrx_word' id='word_1_353' title='bbox 1179 3619 1314 3669; x_wconf 69' lang='lat' dir='ltr'><strong>scmmen·</strong></span> 
     </span>
     <span class='ocr_line' id='line_1_40' title="bbox 201 3696 1312 3762; baseline -0.004 -12"><span class='ocrx_word' id='word_1_354' title='bbox 201 3700 286 3760; x_wconf 73' lang='lat' dir='ltr'><strong>mini,</strong></span> <span class='ocrx_word' id='word_1_355' title='bbox 298 3713 349 3748; x_wconf 90' lang='lat' dir='ltr'><strong>uon</strong></span> <span class='ocrx_word' id='word_1_356' title='bbox 361 3699 413 3746; x_wconf 85' lang='lat' dir='ltr'><strong>auis</strong></span> <span class='ocrx_word' id='word_1_357' title='bbox 424 3699 582 3762; x_wconf 78' lang='lat' dir='ltr'><strong>cohortibus,</strong></span> <span class='ocrx_word' id='word_1_358' title='bbox 599 3707 644 3750; x_wconf 86' lang='lat' dir='ltr'><strong>aut</strong></span> <span class='ocrx_word' id='word_1_359' title='bbox 654 3701 735 3755; x_wconf 82' lang='lat' dir='ltr'><strong>maai·</strong></span> <span class='ocrx_word' id='word_1_360' title='bbox 776 3699 828 3748; x_wconf 87' lang='lat' dir='ltr'><strong>isse</strong></span> <span class='ocrx_word' id='word_1_361' title='bbox 836 3699 893 3749; x_wconf 85' lang='lat' dir='ltr'><strong>aliis</strong></span> <span class='ocrx_word' id='word_1_362' title='bbox 901 3698 1055 3762; x_wconf 71' lang='lat' dir='ltr'><strong>legionibus,</strong></span> <span class='ocrx_word' id='word_1_363' title='bbox 1065 3698 1112 3747; x_wconf 87' lang='lat' dir='ltr'><strong>sed</strong></span> <span class='ocrx_word' id='word_1_364' title='bbox 1121 3696 1312 3747; x_wconf 71' lang='lat' dir='ltr'><strong>intracesndasn</strong></span> 
     </span>
     <span class='ocr_line' id='line_1_41' title="bbox 201 3774 1314 3842; baseline -0.004 -17"><span class='ocrx_word' id='word_1_365' title='bbox 201 3777 268 3842; x_wconf 84' lang='lat' dir='ltr'><strong>pulis</strong></span> <span class='ocrx_word' id='word_1_366' title='bbox 278 3775 398 3839; x_wconf 84' lang='lat' dir='ltr'><strong>propriis,</strong></span> <span class='ocrx_word' id='word_1_367' title='bbox 408 3774 453 3823; x_wconf 84' lang='lat' dir='ltr'><strong>sed</strong></span> <span class='ocrx_word' id='word_1_368' title='bbox 465 3774 554 3835; x_wconf 79' lang='lat' dir='ltr'><strong>atsere</strong></span> <span class='ocrx_word' id='word_1_369' title='bbox 565 3779 661 3826; x_wconf 84' lang='lat' dir='ltr'><strong>tulerat.</strong></span> <span class='ocrx_word' id='word_1_370' title='bbox 775 3791 828 3826; x_wconf 76' lang='lat' dir='ltr'><strong>suas</strong></span> <span class='ocrx_word' id='word_1_371' title='bbox 840 3775 949 3838; x_wconf 72' lang='lat' dir='ltr'><strong>legionis</strong></span> <span class='ocrx_word' id='word_1_372' title='bbox 958 3775 1049 3837; x_wconf 86' lang='lat' dir='ltr'><strong>aciem,</strong></span> <span class='ocrx_word' id='word_1_373' title='bbox 1060 3788 1110 3823; x_wconf 91' lang='lat' dir='ltr'><strong>noo</strong></span> <span class='ocrx_word' id='word_1_374' title='bbox 1122 3787 1212 3822; x_wconf 87' lang='lat' dir='ltr'><strong>omnes</strong></span> <span class='ocrx_word' id='word_1_375' title='bbox 1230 3774 1314 3821; x_wconf 84' lang='lat' dir='ltr'><strong>mani·</strong></span> 
     </span>
     <span class='ocr_line' id='line_1_42' title="bbox 234 3850 1312 3916; baseline 0.004 -22"><span class='ocrx_word' id='word_1_376' title='bbox 234 3851 463 3912; x_wconf 78' lang='lat' dir='ltr'><strong>rUtsorstuleral]</strong></span> <span class='ocrx_word' id='word_1_377' title='bbox 493 3850 524 3899; x_wconf 90' lang='lat' dir='ltr'><strong>ld</strong></span> <span class='ocrx_word' id='word_1_378' title='bbox 537 3853 733 3916; x_wconf 83' lang='lat' dir='ltr'><strong>intelligendum</strong></span> <span class='ocrx_word' id='word_1_379' title='bbox 775 3851 850 3915; x_wconf 83' lang='lat' dir='ltr'><strong>pulos</strong></span> <span class='ocrx_word' id='word_1_380' title='bbox 867 3857 913 3900; x_wconf 88' lang='lat' dir='ltr'><strong>ant</strong></span> <span class='ocrx_word' id='word_1_381' title='bbox 936 3850 1066 3899; x_wconf 80' lang='lat' dir='ltr'><strong>centuriae</strong></span> <span class='ocrx_word' id='word_1_382' title='bbox 1087 3863 1146 3897; x_wconf 86' lang='lat' dir='ltr'><strong>suas</strong></span> <span class='ocrx_word' id='word_1_383' title='bbox 1168 3857 1312 3912; x_wconf 72' lang='lat' dir='ltr'><strong>agnoscere</strong></span> 
     </span>
     <span class='ocr_line' id='line_1_43' title="bbox 202 3923 1313 3991; baseline -0.002 -16"><span class='ocrx_word' id='word_1_384' title='bbox 202 3926 235 3975; x_wconf 84' lang='lat' dir='ltr'><strong>sle</strong></span> <span class='ocrx_word' id='word_1_385' title='bbox 248 3927 377 3990; x_wconf 83' lang='lat' dir='ltr'><strong>plerisque</strong></span> <span class='ocrx_word' id='word_1_386' title='bbox 389 3927 504 3988; x_wconf 74' lang='lat' dir='ltr'><strong>cingulis,</strong></span> <span class='ocrx_word' id='word_1_387' title='bbox 524 3941 576 3975; x_wconf 89' lang='lat' dir='ltr'><strong>non</strong></span> <span class='ocrx_word' id='word_1_388' title='bbox 592 3928 624 3976; x_wconf 89' lang='lat' dir='ltr'><strong>de</strong></span> <span class='ocrx_word' id='word_1_389' title='bbox 636 3929 735 3978; x_wconf 83' lang='lat' dir='ltr'><strong>univer·</strong></span> <span class='ocrx_word' id='word_1_390' title='bbox 775 3928 897 3991; x_wconf 76' lang='lat' dir='ltr'><strong>potuisse.</strong></span> <span class='ocrx_word' id='word_1_391' title='bbox 930 3926 1082 3975; x_wconf 78' lang='lat' dir='ltr'><strong>Noscebarst</strong></span> <span class='ocrx_word' id='word_1_392' title='bbox 1093 3932 1180 3974; x_wconf 82' lang='lat' dir='ltr'><strong>autem</strong></span> <span class='ocrx_word' id='word_1_393' title='bbox 1195 3923 1313 3974; x_wconf 70' lang='lat' dir='ltr'><strong>interdiu</strong></span> 
     </span>
     <span class='ocr_line' id='line_1_44' title="bbox 202 3999 1312 4066; baseline 0 -16"><span class='ocrx_word' id='word_1_394' title='bbox 202 4001 247 4061; x_wconf 84' lang='lat' dir='ltr'><strong>sis,</strong></span> <span class='ocrx_word' id='word_1_395' title='bbox 259 4008 304 4051; x_wconf 85' lang='lat' dir='ltr'><strong>aut</strong></span> <span class='ocrx_word' id='word_1_396' title='bbox 323 4001 448 4050; x_wconf 82' lang='lat' dir='ltr'><strong>centuriis</strong></span> <span class='ocrx_word' id='word_1_397' title='bbox 471 4002 590 4065; x_wconf 76' lang='lat' dir='ltr'><strong>integris,</strong></span> <span class='ocrx_word' id='word_1_398' title='bbox 607 4004 646 4054; x_wconf 88' lang='lat' dir='ltr'><strong>ita</strong></span> <span class='ocrx_word' id='word_1_399' title='bbox 656 4005 735 4054; x_wconf 81' lang='lat' dir='ltr'><strong>atilli</strong></span> <span class='ocrx_word' id='word_1_400' title='bbox 775 4004 904 4052; x_wconf 87' lang='lat' dir='ltr'><strong>centurias</strong></span> <span class='ocrx_word' id='word_1_401' title='bbox 917 4017 975 4051; x_wconf 89' lang='lat' dir='ltr'><strong>suas</strong></span> <span class='ocrx_word' id='word_1_402' title='bbox 986 3999 1241 4063; x_wconf 72' lang='lat' dir='ltr'><strong>essigniactscutis,</strong></span> <span class='ocrx_word' id='word_1_403' title='bbox 1250 4011 1312 4066; x_wconf 68' lang='lat' dir='ltr'><strong>qu</strong></span> 
     </span>
     <span class='ocr_line' id='line_1_45' title="bbox 203 4073 1253 4142; baseline 0 -16"><span class='ocrx_word' id='word_1_404' title='bbox 203 4073 325 4142; x_wconf 79' lang='lat' dir='ltr'><strong>Aquilam</strong></span> <span class='ocrx_word' id='word_1_405' title='bbox 344 4091 417 4127; x_wconf 84' lang='lat' dir='ltr'><strong>suam</strong></span> <span class='ocrx_word' id='word_1_406' title='bbox 443 4091 597 4142; x_wconf 76' lang='lat' dir='ltr'><strong>eaepe„non</strong></span> <span class='ocrx_word' id='word_1_407' title='bbox 613 4079 736 4132; x_wconf 84' lang='lat' dir='ltr'><strong>vexillum</strong></span> <span class='ocrx_word' id='word_1_408' title='bbox 777 4085 832 4130; x_wconf 82' lang='lat' dir='ltr'><strong>tum</strong></span> <span class='ocrx_word' id='word_1_409' title='bbox 843 4085 924 4130; x_wconf 86' lang='lat' dir='ltr'><strong>nocta</strong></span> <span class='ocrx_word' id='word_1_410' title='bbox 932 4077 1082 4130; x_wconf 74' lang='lat' dir='ltr'><strong>lucornara</strong></span> <span class='ocrx_word' id='word_1_411' title='bbox 1089 4075 1230 4128; x_wconf 69' lang='lat' dir='ltr'><strong>coniecit.</strong></span> <span class='ocrx_word' id='word_1_412' title='bbox 1248 4117 1253 4126; x_wconf 88' lang='lat'><strong>.</strong></span> 
     </span>
    </p>
   </div>
   <div class='ocr_carea' id='block_1_7' title="bbox 0 0 1480 4742">
    <p class='ocr_par' dir='ltr' id='par_1_7' title="bbox 0 0 1480 4742">
     <span class='ocr_line' id='line_1_46' title="bbox 0 0 1480 4742; baseline 0 0"><span class='ocrx_word' id='word_1_413' title='bbox 0 0 1480 4742; x_wconf 95' lang='lat' dir='ltr'><strong> </strong></span> 
     </span>
    </p>
   </div>
  </div>
 </body>
</html>
