2925 4742
126 309 300 386 ”2842
420 353 429 362 -
560 335 593 385 c.
615 333 795 410 eonnnmr
818 333 945 384 urorrr
1148 333 1311 404 [uum.

211 473 332 555 dinem,
354 482 466 541 vetere
480 473 570 554 odio,
594 477 638 541 nd
662 476 830 540 excidium
855 475 1125 540 Cremonensium
1138 477 1309 543 incubuit:

206 577 338 663 juvisse
363 587 474 660 partes
499 579 707 656 Vitellianas,
735 577 889 642 Othonis?
914 595 1048 661 qnoque
1072 579 1172 658 bello,
1197 579 1312 643 crede·

211 679 350 744 bantur:
374 698 451 742 mox
468 679 769 756 tertiadecimanos,
792 678 836 743 ud
857 680 1091 743 exstruendum
1106 680 1312 763 amphithea-

211 787 296 848 trum
310 783 454 857 relictoS,
476 786 512 845 ui
526 787 600 844 sunt
618 783 778 863 procacio
790 782 924 846 urbanae
938 783 1045 864 piebis
1059 783 1201 864 ingenia,
1216 787 1313 864 pctu-

211 883 357 948 lantibus
375 883 498 967 jurgiis
521 884 701 948 illuserant.
747 883 855 948 Auxit
879 884 1038 946 invidiam
1052 883 1175 947 editum
1188 883 1259 946 iilic
1274 889 1312 947 a*

213 983 351 1050 Coccina
374 985 590 1066 gladiatorum
606 986 851 1069 spectaculum:
875 984 1072 1067 eademque²
1086 983 1211 1048 rursust
1232 983 1314 1048 belii

211 1084 324 1150 sedes:
347 1092 380 1150 et
402 1087 533 1170 proebiti
557 1089 591 1150 in
607 1087 680 1151 acie
702 1087 892 1150 Vitellianis
907 1087 974 1150 cibi
983 1093 1008 1149 :¹¹
1031 1104 1130 1150 csesae
1153 1083 1313 1168 quaedum

211 1247 342 1310 libidinosa,
352 1249 430 1312 prisea
440 1249 576 1314 proniore,
586 1251 664 1313 erupis
674 1251 701 1300 is
711 1253 801 1300 cludent
809 1249 1009 1300 Cremonensium:
1025 1248 1227 1307 existimantur,
1239 1249 1315 1298 etiam

214 1313 315 1362 otiosis
332 1316 399 1374 tetta,
408 1313 498 1373 facim
516 1321 596 1378 partes
617 1317 772 1372 Vitelliorum
798 1316 862 1377 deis,
879 1321 906 1362 at
922 1314 1039 1378 petulanti
1056 1314 1152 1375 iugenio
1171 1317 1205 1361 eet
1222 1313 1313 1365 artata

211 1376 338 1438 plebecula,
352 1379 450 1428 *ascicis
461 1379 552 1440 jurgiis
561 1379 687 1428 irriserant
698 1380 912 1442 tertiadecimanos,
931 1379 972 1442 qui
982 1379 1016 1426 iii
1026 1378 1104 1426 relicti
1118 1382 1186 1425 erasa
1195 1380 1227 1426 ad
1237 1377 1314 1442 edifi-

212 1441 310 1490 man
321 1443 528 1505 anphitheatrum.
564 1443 704 1492 Exlsiditaut
719 1443 794 1492 ittiea
810 1445 906 1492 Coeeiua
921 1444 1081 1504 gladiatorum
1097 1447 1214 1490 certamen
1231 1442 1313 1490 odiasa

212 1502 330 1565 interdiu
347 1509 471 1570 eademque
480 1507 555 1556 adbuc
565 1509 772 1556 mmmmsedes:
788 1507 900 1556 elediata
908 1507 1022 1556 alimenta
1035 1507 1170 1555 Vitellianis
1180 1507 1205 1554 ie
1215 1506 1314 1569 prelia:

673 1631 852 1651 almeon

242 1713 260 1760 2
276 1710 493 1776 Propositionem
504 1729 528 1778 a,
539 1714 657 1778 copulam
669 1727 714 1777 uae
731 1727 869 1778 perperam
888 1713 975 1764 omisit
986 1713 1136 1778 Rhenanus,
1154 1711 1315 1762 adversanti·

706 1844 813 1896 NOTAE

173 1943 175 1946 ’
211 1961 324 2004 meatem
345 1970 417 2006 susm
433 1971 484 2007 non
498 1959 612 2022 aperuit,
631 1973 663 2008 uu
680 1959 743 2009 Cre·
784 1964 984 2009 consenserant:
1013 1955 1082 2021 quod
1102 1953 1193 2004 summi
1220 1949 1315 2017 flagilii

210 2033 369 2081 monetales
379 2030 468 2084 future
479 2041 558 2098 esset,
569 2049 618 2085 nec
630 2049 672 2086 ne.
700 2037 744 2085 Pi·
783 2033 842 2084 tuit.

210 2104 291 2157 ebesa.
816 2108 955 2171 'Otiosis]
971 2109 1079 2172 Semper
1097 2105 1207 2155 adrerss
1225 2103 1316 2155 fuerat

245 2180 403 2247 termnum]
420 2185 534 2236 Vocatus
546 2186 579 2236 ad
591 2188 744 2238 concionem
785 2184 938 2236 Othonianis
948 2185 1086 2243 Cremona,
1103 2181 1171 2230 etiis
1182 2173 1315 2245 quiante·

212 2269 300 2305 omnen
310 2259 442 2325 utriusque
451 2259 574 2312 factionis
584 2264 678 2314 milites
688 2265 744 2313 atta.
784 2261 825 2310 iric
835 2261 896 2308 victi
907 2259 1021 2319 fuerant,
1032 2267 1059 2308 et
1069 2258 1114 2323 qui
1122 2271 1192 2306 nnnc
1202 2257 1316 2307 victores

212 2331 302 2396 witer,
320 2335 456 2399 magnifiee
474 2339 582 2402 moues,
607 2341 682 2390 cirtae
698 2341 743 2389 cie-
782 2349 842 2384 cum
859 2334 1003 2395 Flavianis3
1020 2336 1108 2398 itaque
1128 2346 1196 2382 nunc
1212 2331 1315 2382 cladem

213 2411 314 2472 mer,
336 2408 369 2459 de
391 2411 607 2466 Cremonensibus
627 2417 698 2479 nibil,
717 2417 743 2465 in
782 2412 948 2477 doloremque
956 2412 1158 2465 ulciscebantur.

214 2481 342 2534 excidium
354 2488 542 2552 oppidanorum
557 2494 743 2554 pronus‚utsic
817 2490 826 2521 ⁸
843 2489 977 2550 Eademque
987 2486 1080 2549 ramas]
1102 2488 1199 2536 Fuerat
1209 2486 1316 2535 Crema-

212 2557 342 2610 imbuerct
356 2563 659 2630 militemciviliprredn:
677 2569 744 2632 quod
784 2579 818 2613 na
837 2565 897 2613 beili
918 2564 992 2613 sedes
1013 2563 1159 2613 Vitellianis
1191 2562 1314 2612 adversus

213 2636 352 2697 pessimum
378 2638 479 2690 facinus
508 2641 586 2691 tribui
618 2645 746 2706 potuisset
785 2639 925 2702 Othonem,
944 2646 1053 2689 nuncet
1068 2639 1119 2688 iilis
1135 2641 1216 2689 ndens
1233 2651 1318 2688 rurus

214 2713 301 2760 serviti
315 2713 406 2763 Hormi
415 2716 528 2780 ingenio,
538 2725 584 2768 aut
595 2719 675 2768 etiam
688 2721 745 2769 eliis
785 2716 839 2765 betti
853 2718 918 2765 sedes
943 2715 1065 2765 adversus
1085 2715 1231 2765 Flavianos.
1263 2716 1316 2764 Ra·

131 2829 136 2838 .
213 2784 306 2850 legetis
324 2788 470 2850 Fierinn1s3
493 2793 539 2841 sed
560 2794 677 2843 ‘vernile
692 2795 745 2844 dic·
785 2791 869 2840 tiones
880 2788 957 2840 affert
970 2791 1073 2841 'incitos
1089 2791 1141 2840 odii
1153 2805 1199 2840 reu
1210 2789 1316 2840 inridier

213 2868 267 2914 tant
290 2879 390 2914 ornnem
410 2867 534 2917 invidiam
559 2869 586 2918 in
603 2869 744 2920 Antonium
785 2867 908 2916 adsersus
920 2867 1083 2926 Cremonam,
1094 2867 1163 2916 inter
1173 2881 1236 2930 quus
1249 2867 1318 2930 bec,

214 2941 370 3004 vertit,'&c.
784 2943 851 3007 quod
865 2943 965 2992 beiliet
978 2943 1124 2993 antecedes
1136 2943 1239 2994 fuisset.

246 3015 278 3064 ln
296 3017 416 3079 murum]
449 3019 518 3070 Quia
537 3021 565 3068 de
586 3021 700 3070 Cremna
717 3022 744 3070 ire
816 3021 881 3069 Erit
900 3019 979 3069 etiam
1004 3020 1073 3068 inter
1094 3019 1190 3068 excidii
1211 3033 1315 3083 esasas,

125 3103 128 3114 ’
213 3097 321 3144 murm
333 3095 453 3143 disseruit
468 3110 515 3158 pro
525 3097 656 3156 concione,
668 3106 695 3147 et
706 3115 742 3148 ee·
783 3094 853 3158 quod
860 3095 993 3158 predandi
999 3093 1146 3158 cupidinem
1152 3094 1320 3160 accenderet,

213 3169 261 3218 teri
276 3170 346 3218 daces
361 3169 386 3216 is
405 3169 507 3233 oisemo,
524 3178 551 3220 et
571 3174 650 3222 scium
669 3175 745 3223 Auta·
785 3187 879 3236 nempe
890 3178 980 3236 tenipus
987 3181 1113 3235 macons,
1124 3178 1152 3222 et
1163 3171 1232 3237 quod
1243 3187 1276 3222 ex
1287 3185 1318 3221 se

210 3246 279 3294 dam
294 3245 397 3305 fortuna
412 3247 526 3311 famaque
547 3249 649 3299 amotam
673 3253 746 3300 ocutis
785 3247 856 3296 dives
868 3248 1056 3298 essetcolonia.

214 3328 407 3386 eapmeratret
425 3324 486 3388 quia
505 3323 640 3386 intrudunt
650 3327 745 3390 flagra.
818 3322 1059 3386 e?roebti...cilr]
1091 3323 1135 3372 De
1156 3337 1206 3388 qus
1226 3337 1256 3373 re
1278 3323 1317 3374 sic

213 3395 255 3446 lar
274 3399 409 3460 Cremona,
431 3399 536 3448 videtur
562 3400 689 3451 Antonius
712 3403 745 3452 de
784 3397 876 3448 scribit
892 3399 960 3447 Dio:
977 3399 1044 3447 ‘Cui
1060 3400 1213 3448 nonmirum
1231 3399 1320 3449 vitiet·

214 3473 321 3523 consilio
332 3473 440 3522 aliorum
458 3475 560 3538 ducum,
577 3478 614 3526 sic
626 3493 672 3542 pro
685 3493 744 3528 con·
785 3481 843 3533 ῐιιῐς
861 3474 928 3538 quod
949 3489 1008 3523 cnm
1028 3474 1149 3524 mulieres
1166 3489 1199 3524 ex
1218 3473 1318 3538 oppido

214 3548 287 3598 clane
299 3549 408 3599 locutus.
442 3549 477 3599 Et
498 3551 612 3614 quintili
632 3553 746 3616 obscuri,
784 3551 919 3599 esculenta
939 3557 1080 3614 potumque
1092 3550 1257 3600 deuocteed
1270 3551 1319 3600 Vi·

214 3629 243 3672 et
261 3623 322 3688 quia
334 3623 389 3688 jem
409 3631 470 3675 aute
481 3639 570 3674 vocern
583 3641 628 3676 seu
643 3629 744 3691 irrisum
785 3625 905 3675 tellianos
917 3627 1075 3689 attulissent,
1082 3642 1133 3676 non
1143 3626 1221 3677 modo
1229 3642 1256 3677 se
1266 3627 1318 3692 ipsi

215 3698 322 3751 Antonii
343 3701 398 3764 jem
411 3701 536 3765 flag-rotat
558 3702 690 3765 oppidum,
716 3710 745 3754 et
785 3701 845 3751 cibo
863 3709 987 3767 potuque,
1007 3703 1051 3750 red
1064 3703 1319 3753 etismedrerssrios

214 3776 259 3827 iile
270 3777 339 3826 solus
357 3776 432 3826 ismae
450 3778 582 3840 expositus
593 3788 666 3840 erat;
683 3780 744 3829 ideo
785 3779 943 3841 refecerunt,
954 3785 981 3827 et
997 3779 1184 3829 commilitones
1202 3781 1239 3829 sic
1253 3779 1318 3828 inri-

215 3851 321 3902 ridetar
337 3867 402 3901 uuus
419 3853 462 3902 iile
479 3853 596 3902 babuisse
608 3855 704 3903 crimen
716 3862 745 3904 et
784 3854 885 3915 tabant,
896 3855 961 3917 Ede,
976 3853 1047 3916 bibe,
1063 3869 1096 3904 ue
1107 3871 1148 3903 me
1160 3856 1260 3905 imbelli
1270 3861 1318 3905 sut

213 3926 336 3978 invidiam
348 3929 479 3990 facinoris,
490 3930 562 3992 cujus
579 3937 606 3979 et
622 3930 691 3980 torte
702 3931 744 3980 alii
784 3929 855 3977 molli
865 3943 942 3977 manu
959 3929 1079 3978 occidas:
1096 3930 1136 3978 bre
1147 3937 1243 3979 nostre
1263 3931 1319 3980 sint

214 4003 322 4068 perinde
331 4005 465 4054 consciisc
474 4007 615 4068 participes
623 4006 742 4057 fuerunt:
784 4006 900 4070 exequiae
915 4006 971 4069 jam
982 4006 1065 4055 adbuc
1082 4005 1243 4056 virentibus!
1271 4006 1318 4055 Vi·

214 4079 257 4128 rei
273 4081 364 4130 saltem
382 4079 419 4128 iiii
439 4078 545 4129 Antonii
563 4081 744 4132 auctoritatem
785 4081 871 4130 teitius
885 4088 914 4131 et
922 4081 1097 4145 Vespasianus
1112 4081 1209 4130 bellum
1222 4087 1317 4144 gerunt

131 4193 136 4204 .
215 4153 293 4207 facile
303 4155 386 4207 wenti
397 4159 483 4219 erant,
501 4161 529 4206 et
547 4157 645 4222 pariter
656 4171 744 4210 omnes
783 4155 936 4219 interient
946 4155 1123 4220 nosjamotim
1131 4155 1239 4207 momnis
1248 4169 1318 4207 mae·
