2925 4742
327 866 388 958 c.
418 816 754 958 connum
790 861 1020 956 ruem

138 1173 1205 1366 Hrsuoaraaum

460 1521 893 1602 LIBERTER'I'IUS·

547 1791 823 1806 ..αι-...ῆι-

547 1813 824 1834 m

306 2105 307 2110 Ν
435 2019 752 2088 nuuvrurunu
772 2021 920 2088 nram.

168 2197 256 2263 Gne.
279 2199 311 2263 1.
335 2197 506 2263 Flavianis
523 2199 564 2262 de
587 2198 714 2262 ratione
734 2187 1086 2262 beiti-delibemntibus
1099 2215 1231 2263 moram

122 2301 192 2376 alii,
215 2300 249 2365 2.
264 2300 502 2365 festinationem
518 2299 682 2365 Antonius
695 2299 829 2363 Primus
846 2299 974 2377 suadet,
997 2300 1030 2363 3.
1045 2305 1078 2364 et
1089 2300 1226 2364 obtinet.

122 2405 157 2465 i.
181 2403 341 2468 Proxima
365 2401 464 2466 Com.
477 2401 583 2465 Fusci
606 2403 801 2466 auctoritas.
844 2403 877 2465 5.
901 2401 1078 2484 Principes
1093 2401 1228 2465 Sarma—

123 2509 231 2568 tarum
255 2503 419 2587 Jaaygum
443 2505 479 2568 iu
504 2504 733 2568 commilitium
763 2505 871 2566 asciti.
916 2503 999 2567 Sido
1026 2508 1060 2566 et
1087 2502 1228 2566 Italicus

123 2605 310 2670 Suevorum
335 2605 445 2688 Reges
468 2607 562 2670 tracti
588 2607 621 2668 in
647 2611 767 2686 partes.
811 2607 834 2667 o
865 2605 897 2667 7.
920 2602 1077 2680 Antonio,
1094 2601 1227 2666 Italiam

123 2707 304 2784 invadenti,
320 2725 433 2771 comes
448 2713 498 2770 est
513 2705 631 2770 Arrius
643 2705 767 2770 Varus,
792 2703 918 2768 Multas
932 2706 1032 2767 urbes
1046 2709 1225 2786 occupant.

122 2808 156 2872 8.
180 2807 314 2872 Verona
334 2809 371 2872 fit
391 2809 469 2871 belii
496 2809 601 2873 sedes.
649 2807 768 2871 Mores
790 2805 912 2869 frustra
931 2811 988 2869 aut
1002 2823 1076 2868 sero
1090 2808 1228 2868 nectunt

121 2905 355 2991 Vespasianus
377 2916 411 2974 et
424 2909 614 2974 Mucianus.
658 2910 692 2974 9.
716 2909 850 2972 Interim
867 2907 982 2970 Duces
997 2905 1120 2969 mutuis
1135 2905 1226 2987 epis-

122 3009 203 3074 toiie
215 3009 336 3074 bellum
351 3015 478 3092 gerunt.
525 3013 576 3075 lo.
598 3011 639 3076 T.
656 3010 801 3094 Ampius
824 3010 1021 3086 Flauianus,
1040 3007 1136 3073 militi
1152 3026 1225 3072 sns-

120 3117 253 3195 pcctus,
268 3113 311 3174 ab
334 3109 477 3176 Antonio
504 3117 661 3176 servatur.
705 3113 758 3175 11.
782 3112 852 3176 Hic
870 3113 1007 3176 alteram
1027 3129 1159 3194 quoque
1174 3129 1227 3173 se·
1313 3119 1318 3126 ’

122 3213 295 3290 ditionem,
324 3213 403 3277 odio
431 3212 557 3297 Aponii
585 3213 755 3278 Saturnini
783 3219 901 3291 ortam,
931 3213 1127 3296 comprimit.
1171 3211 1226 3303 12.

120 3313 275 3378 Lucilius
290 3314 430 3392 Bassus,
446 3322 479 3378 et
502 3317 554 3380 la.
577 3317 632 3380 14.
656 3315 805 3394 Caecina,
827 3337 848 3380 a
872 3314 1006 3379 Vitellio
1020 3313 1224 3409 deficientes,

122 3435 145 3478 a
175 3416 336 3478 militibus
365 3417 437 3478 suis
467 3417 685 3502 conjiciuntur
709 3419 743 3481 in
764 3417 910 3481 vincula.
963 3400 1225 3504 lii-,2Disoo'rde's

121 3514 321 3580 Vitellianos
347 3517 390 3579 ad
417 3517 616 3581 Bedriacum
642 3517 776 3599 aggredi
808 3516 941 3589 statuit¹
954 3516 1130 3593 autemus„
1169 3515 1225 3582 16.

120 3615 295 3680 Aviditate
307 3617 471 3683 navandae
498 3639 608 3703 operae
632 3618 750 3684 Arrius
774 3617 885 3704 Verris
900 3616 980 3685 'rem
996 3619 1030 3680 in
1044 3617 1227 3682 discrimen

121 3719 276 3800 adducit3
313 3721 364 3784 17.
386 3737 460 3782 eam
485 3718 654 3784 Antonius
677 3721 917 3787 consecutiam
932 3710 1224 3810 uiidrtc‘res'tituit,

121 3821 176 3885 18.
198 3823 339 3885 victoria
358 3823 491 3906 potitur.
538 3823 590 3887 19.
614 3821 830 3905 Vespasiani,
856 3804 1229 3909 ea'trot'erremoaam'

121 3939 313 4005 expugnare
342 3907 538 4006 deposcunt.
590 3925 643 3988 20.
675 3922 905 3987 Inconsultum
932 3914 1067 4014 conuiuis
1075 3920 1223 3984 ardorem

119 4023 244 4088 trustra
264 4027 382 4090 retinet
395 4025 573 4091 Antonius.
617 4025 672 4089 21-.
695 4023 762 4089 Sed
778 4011 1106 4091 adventantin'hestis
1121 4026 1226 4086 terror

120 4111 311 4191 obstructas
332 4131 456 4192 mentes
489 4127 636 4192 consiliis
659 4127 768 4192 Ducis
791 4128 909 4210 aperit.
961 4123 1104 4189 22-25.
1128 4121 1223 4188 Prae·
