<?xml version="1.0" encoding="UTF-8"?>
<!DOCTYPE html PUBLIC "-//W3C//DTD XHTML 1.0 Transitional//EN"
    "http://www.w3.org/TR/xhtml1/DTD/xhtml1-transitional.dtd">
<html xmlns="http://www.w3.org/1999/xhtml" xml:lang="en" lang="en">
 <head>
  <title>
</title>
<meta http-equiv="Content-Type" content="text/html;charset=utf-8" />
  <meta name='ocr-system' content='tesseract 3.04.00' />
  <meta name='ocr-capabilities' content='ocr_page ocr_carea ocr_par ocr_line ocrx_word'/>
</head>
<body>
  <div class='ocr_page' id='page_1' title='image "./ccorneliitaciti02lipsgoog/ccorneliitaciti02lipsgoog_0143.png"; bbox 0 0 2925 4742; ppageno 0'>
   <div class='ocr_carea' id='block_1_1' title="bbox 124 331 1231 420">
    <p class='ocr_par' dir='ltr' id='par_1_1' title="bbox 124 331 1231 420">
     <span class='ocr_line' id='line_1_1' title="bbox 124 331 1231 420; baseline 0.001 -31"><span class='ocrx_word' id='word_1_1' title='bbox 124 350 270 415; x_wconf 57' lang='lat' dir='ltr'>pm}</span> <span class='ocrx_word' id='word_1_2' title='bbox 477 340 744 391; x_wconf 76' lang='lat' dir='ltr'>nisuonisnun</span> <span class='ocrx_word' id='word_1_3' title='bbox 774 342 847 389; x_wconf 79' lang='lat' dir='ltr'>nin.</span> <span class='ocrx_word' id='word_1_4' title='bbox 865 344 930 391; x_wconf 80' lang='lat' dir='ltr'>un.</span> <span class='ocrx_word' id='word_1_5' title='bbox 1145 331 1231 420; x_wconf 64' lang='lat'>2801</span> 
     </span>
    </p>
   </div>
   <div class='ocr_carea' id='block_1_2' title="bbox 120 486 1236 977">
    <p class='ocr_par' dir='ltr' id='par_1_2' title="bbox 120 486 1236 977">
     <span class='ocr_line' id='line_1_2' title="bbox 123 486 1236 568; baseline 0.004 -17"><span class='ocrx_word' id='word_1_6' title='bbox 123 486 273 563; x_wconf 56' lang='lat' dir='ltr'>director,3</span> <span class='ocrx_word' id='word_1_7' title='bbox 288 486 559 568; x_wconf 70' lang='lat' dir='ltr'>&#39;Trapezuntemv</span> <span class='ocrx_word' id='word_1_8' title='bbox 580 488 713 549; x_wconf 85' lang='lat' dir='ltr'>vetusta</span> <span class='ocrx_word' id='word_1_9' title='bbox 726 486 837 549; x_wconf 71' lang='lat' dir='ltr'>lame*</span> <span class='ocrx_word' id='word_1_10' title='bbox 859 486 1077 561; x_wconf 68' lang='lat' dir='ltr'>civitatema</span> <span class='ocrx_word' id='word_1_11' title='bbox 1101 488 1236 556; x_wconf 78' lang='lat' dir='ltr'>Graccis</span> 
     </span>
     <span class='ocr_line' id='line_1_3' title="bbox 121 585 1234 671; baseline 0.005 -20"><span class='ocrx_word' id='word_1_12' title='bbox 121 589 159 651; x_wconf 87' lang='lat' dir='ltr'>in</span> <span class='ocrx_word' id='word_1_13' title='bbox 172 594 329 651; x_wconf 80' lang='lat' dir='ltr'>extremo</span> <span class='ocrx_word' id='word_1_14' title='bbox 340 586 522 651; x_wconf 80' lang='lat' dir='ltr'>Ponticae&#39;</span> <span class='ocrx_word' id='word_1_15' title='bbox 543 604 613 649; x_wconf 83' lang='lat' dir='ltr'>orae</span> <span class='ocrx_word' id='word_1_16' title='bbox 625 585 805 663; x_wconf 84' lang='lat' dir='ltr'>conditam,</span> <span class='ocrx_word' id='word_1_17' title='bbox 818 588 948 651; x_wconf 83' lang='lat' dir='ltr'>subitus</span> <span class='ocrx_word' id='word_1_18' title='bbox 965 589 1092 671; x_wconf 86' lang='lat' dir='ltr'><strong>irrupit.</strong></span> <span class='ocrx_word' id='word_1_19' title='bbox 1131 590 1234 657; x_wconf 80' lang='lat' dir='ltr'>Crosa</span> 
     </span>
     <span class='ocr_line' id='line_1_4' title="bbox 122 688 1234 771; baseline 0.004 -18"><span class='ocrx_word' id='word_1_20' title='bbox 122 690 172 753; x_wconf 92' lang='lat' dir='ltr'>ibi</span> <span class='ocrx_word' id='word_1_21' title='bbox 190 690 343 765; x_wconf 85' lang='lat' dir='ltr'>cohors,¹</span> <span class='ocrx_word' id='word_1_22' title='bbox 364 688 509 771; x_wconf 81' lang='lat' dir='ltr'>Regium</span> <span class='ocrx_word' id='word_1_23' title='bbox 527 688 710 751; x_wconf 64' lang='lat' dir='ltr'>auxilium!</span> <span class='ocrx_word' id='word_1_24' title='bbox 732 688 824 765; x_wconf 87' lang='lat' dir='ltr'>olim,</span> <span class='ocrx_word' id='word_1_25' title='bbox 854 708 937 753; x_wconf 46' lang='lat' dir='ltr'>mox*</span> <span class='ocrx_word' id='word_1_26' title='bbox 960 690 1070 753; x_wconf 80' lang='lat' dir='ltr'>donati</span> <span class='ocrx_word' id='word_1_27' title='bbox 1097 692 1234 758; x_wconf 82' lang='lat' dir='ltr'>civitate</span> 
     </span>
     <span class='ocr_line' id='line_1_5' title="bbox 122 776 1234 872; baseline 0.004 -17"><span class='ocrx_word' id='word_1_28' title='bbox 122 788 298 867; x_wconf 76' lang='lat' dir='ltr'>Romula,</span> <span class='ocrx_word' id='word_1_29' title='bbox 313 791 409 871; x_wconf 84' lang='lat' dir='ltr'>signa</span> <span class='ocrx_word' id='word_1_30' title='bbox 419 808 576 872; x_wconf 85' lang='lat' dir='ltr'>armaque</span> <span class='ocrx_word' id='word_1_31' title='bbox 590 790 625 853; x_wconf 90' lang='lat' dir='ltr'>in</span> <span class='ocrx_word' id='word_1_32' title='bbox 638 795 781 853; x_wconf 89' lang='lat' dir='ltr'>nostrum</span> <span class='ocrx_word' id='word_1_33' title='bbox 796 776 942 868; x_wconf 85' lang='lat' dir='ltr'>modum,</span> <span class='ocrx_word' id='word_1_34' title='bbox 957 791 1118 857; x_wconf 87' lang='lat' dir='ltr'>desidiam</span> <span class='ocrx_word' id='word_1_35' title='bbox 1131 794 1234 861; x_wconf 89' lang='lat' dir='ltr'>licen·</span> 
     </span>
     <span class='ocr_line' id='line_1_6' title="bbox 120 891 1234 977; baseline 0.005 -22"><span class='ocrx_word' id='word_1_36' title='bbox 120 892 275 974; x_wconf 78' lang='lat' dir='ltr'>fiamque</span> <span class='ocrx_word' id='word_1_37' title='bbox 304 891 511 970; x_wconf 84' lang='lat' dir='ltr'>Graecorum,</span> <span class='ocrx_word' id='word_1_38' title='bbox 555 892 747 955; x_wconf 80' lang='lat' dir='ltr'><strong>retinebant.</strong></span> <span class='ocrx_word' id='word_1_39' title='bbox 793 891 921 955; x_wconf 85' lang='lat' dir='ltr'>Classi⁵</span> <span class='ocrx_word' id='word_1_40' title='bbox 958 903 1107 977; x_wconf 74' lang='lat' dir='ltr'>quoque*</span> <span class='ocrx_word' id='word_1_41' title='bbox 1141 897 1234 961; x_wconf 86' lang='lat' dir='ltr'>faces</span> 
     </span>
    </p>
   </div>
   <div class='ocr_carea' id='block_1_3' title="bbox 119 1036 1235 1296">
    <p class='ocr_par' dir='ltr' id='par_1_3' title="bbox 119 1036 1235 1296">
     <span class='ocr_line' id='line_1_7' title="bbox 119 1036 1235 1107; baseline 0.004 -18"><span class='ocrx_word' id='word_1_42' title='bbox 119 1036 411 1103; x_wconf 58' lang='lat' dir='ltr'>tmdr&#39;rrqmsm,</span> <span class='ocrx_word' id='word_1_43' title='bbox 429 1042 626 1102; x_wconf 67' lang='lat' dir='ltr'>metrumne</span> <span class='ocrx_word' id='word_1_44' title='bbox 642 1041 731 1103; x_wconf 62' lang='lat' dir='ltr'>natm,</span> <span class='ocrx_word' id='word_1_45' title='bbox 745 1042 989 1091; x_wconf 55' lang='lat' dir='ltr'>marmoris</span> <span class='ocrx_word' id='word_1_46' title='bbox 1004 1042 1235 1107; x_wconf 62' lang='lat' dir='ltr'>irrubnisfiuibss</span> 
     </span>
     <span class='ocr_line' id='line_1_8' title="bbox 119 1102 1235 1177; baseline 0.007 -26"><span class='ocrx_word' id='word_1_47' title='bbox 119 1102 215 1177; x_wconf 64' lang='lat' dir='ltr'>Uttaris</span> <span class='ocrx_word' id='word_1_48' title='bbox 224 1105 334 1153; x_wconf 74' lang='lat' dir='ltr'>Pontici.</span> <span class='ocrx_word' id='word_1_49' title='bbox 368 1104 409 1152; x_wconf 81' lang='lat' dir='ltr'>tot</span> <span class='ocrx_word' id='word_1_50' title='bbox 418 1104 545 1164; x_wconf 62' lang='lat' dir='ltr'>inesceris</span> <span class='ocrx_word' id='word_1_51' title='bbox 555 1112 597 1153; x_wconf 85' lang='lat' dir='ltr'>est</span> <span class='ocrx_word' id='word_1_52' title='bbox 606 1104 695 1166; x_wconf 73' lang='lat' dir='ltr'>roton,</span> <span class='ocrx_word' id='word_1_53' title='bbox 705 1106 799 1167; x_wconf 72' lang='lat' dir='ltr'>regiam</span> <span class='ocrx_word' id='word_1_54' title='bbox 808 1108 923 1169; x_wconf 73' lang='lat' dir='ltr'>quotidem</span> <span class='ocrx_word' id='word_1_55' title='bbox 932 1104 1003 1155; x_wconf 88' lang='lat' dir='ltr'>urbis</span> <span class='ocrx_word' id='word_1_56' title='bbox 1012 1106 1167 1169; x_wconf 69' lang='lat' dir='ltr'>praesidium</span> <span class='ocrx_word' id='word_1_57' title='bbox 1178 1110 1235 1159; x_wconf 71' lang='lat' dir='ltr'>nto</span> 
     </span>
     <span class='ocr_line' id='line_1_9' title="bbox 119 1166 1233 1235; baseline 0.007 -22"><span class='ocrx_word' id='word_1_58' title='bbox 119 1168 223 1229; x_wconf 71' lang='lat' dir='ltr'>mepta*</span> <span class='ocrx_word' id='word_1_59' title='bbox 234 1167 262 1215; x_wconf 87' lang='lat' dir='ltr'>hi</span> <span class='ocrx_word' id='word_1_60' title='bbox 274 1168 370 1215; x_wconf 87' lang='lat' dir='ltr'>milites</span> <span class='ocrx_word' id='word_1_61' title='bbox 380 1166 488 1217; x_wconf 81' lang='lat' dir='ltr'>fuerant</span> <span class='ocrx_word' id='word_1_62' title='bbox 499 1169 524 1215; x_wconf 83' lang='lat' dir='ltr'>is</span> <span class='ocrx_word' id='word_1_63' title='bbox 535 1169 597 1217; x_wconf 84' lang='lat' dir='ltr'>cioes</span> <span class='ocrx_word' id='word_1_64' title='bbox 607 1169 676 1219; x_wconf 82' lang='lat' dir='ltr'>Rom.</span> <span class='ocrx_word' id='word_1_65' title='bbox 687 1174 711 1217; x_wconf 82' lang='lat' dir='ltr'>et</span> <span class='ocrx_word' id='word_1_66' title='bbox 722 1170 810 1218; x_wconf 66' lang='lat' dir='ltr'>vexillo</span> <span class='ocrx_word' id='word_1_67' title='bbox 820 1175 890 1231; x_wconf 80' lang='lat' dir='ltr'>utque</span> <span class='ocrx_word' id='word_1_68' title='bbox 900 1184 967 1217; x_wconf 83' lang='lat' dir='ltr'>orma</span> <span class='ocrx_word' id='word_1_69' title='bbox 978 1184 1041 1217; x_wconf 85' lang='lat' dir='ltr'>more</span> <span class='ocrx_word' id='word_1_70' title='bbox 1050 1176 1130 1220; x_wconf 74' lang='lat' dir='ltr'>nostro</span> <span class='ocrx_word' id='word_1_71' title='bbox 1141 1186 1233 1235; x_wconf 79' lang='lat' dir='ltr'>rerepr-</span> 
     </span>
     <span class='ocr_line' id='line_1_10' title="bbox 121 1231 1231 1296; baseline 0.005 -17"><span class='ocrx_word' id='word_1_72' title='bbox 121 1236 188 1292; x_wconf 65' lang='grc' dir='ltr'>νηί,</span> <span class='ocrx_word' id='word_1_73' title='bbox 201 1231 321 1279; x_wconf 69' lang='lat' dir='ltr'>inertiam</span> <span class='ocrx_word' id='word_1_74' title='bbox 339 1232 501 1295; x_wconf 64' lang='lat' dir='ltr'>montom</span> <span class='ocrx_word' id='word_1_75' title='bbox 514 1233 652 1281; x_wconf 79' lang='lat' dir='ltr'>Graeoonss</span> <span class='ocrx_word' id='word_1_76' title='bbox 664 1234 798 1281; x_wconf 64' lang='lat' dir='ltr'>moon.</span> <span class='ocrx_word' id='word_1_77' title='bbox 833 1232 941 1281; x_wconf 78' lang='lat' dir='ltr'>Naribus</span> <span class='ocrx_word' id='word_1_78' title='bbox 951 1232 1023 1281; x_wconf 80' lang='lat' dir='ltr'>etiam</span> <span class='ocrx_word' id='word_1_79' title='bbox 1038 1234 1117 1295; x_wconf 71' lang='lat' dir='ltr'>iguem</span> <span class='ocrx_word' id='word_1_80' title='bbox 1134 1234 1231 1296; x_wconf 71' lang='lat' dir='ltr'>ubjecit</span> 
     </span>
    </p>
   </div>
   <div class='ocr_carea' id='block_1_4' title="bbox 120 1431 1234 2174">
    <p class='ocr_par' dir='ltr' id='par_1_4' title="bbox 120 1431 1234 2174">
     <span class='ocr_line' id='line_1_11' title="bbox 580 1431 594 1455; baseline 0 0"><span class='ocrx_word' id='word_1_81' title='bbox 580 1431 594 1455; x_wconf 65' lang='lat'><em>0</em></span> 
     </span>
     <span class='ocr_line' id='line_1_12' title="bbox 120 1469 1232 1523; baseline 0.002 -3"><span class='ocrx_word' id='word_1_82' title='bbox 120 1472 217 1520; x_wconf 66' lang='lat' dir='ltr'>metor.</span> <span class='ocrx_word' id='word_1_83' title='bbox 265 1469 399 1520; x_wconf 73' lang='lat' dir='ltr'>Idem-4</span> <span class='ocrx_word' id='word_1_84' title='bbox 419 1470 540 1519; x_wconf 71' lang='lat' dir='ltr'>Veturium</span> <span class='ocrx_word' id='word_1_85' title='bbox 555 1471 622 1519; x_wconf 77' lang='lat' dir='ltr'>Asioe</span> <span class='ocrx_word' id='word_1_86' title='bbox 641 1472 770 1521; x_wconf 63' lang='lat' dir='ltr'>medatem.</span> <span class='ocrx_word' id='word_1_87' title='bbox 805 1470 848 1519; x_wconf 88' lang='lat' dir='ltr'>lta</span> <span class='ocrx_word' id='word_1_88' title='bbox 870 1470 985 1521; x_wconf 85' lang='lat' dir='ltr'>Plchens</span> <span class='ocrx_word' id='word_1_89' title='bbox 1013 1475 1041 1518; x_wconf 91' lang='lat' dir='ltr'>et</span> <span class='ocrx_word' id='word_1_90' title='bbox 1064 1470 1232 1523; x_wconf 84' lang='lat' dir='ltr'>recentiores.</span> 
     </span>
     <span class='ocr_line' id='line_1_13' title="bbox 122 1534 1234 1599; baseline 0.003 -17"><span class='ocrx_word' id='word_1_91' title='bbox 122 1536 166 1585; x_wconf 88' lang='lat' dir='ltr'>Sic</span> <span class='ocrx_word' id='word_1_92' title='bbox 184 1550 293 1599; x_wconf 85' lang='lat' dir='ltr'>quoque</span> <span class='ocrx_word' id='word_1_93' title='bbox 305 1534 385 1583; x_wconf 80' lang='lat' dir='ltr'>vertit</span> <span class='ocrx_word' id='word_1_94' title='bbox 396 1534 437 1583; x_wconf 77' lang='lat' dir='ltr'>cl.</span> <span class='ocrx_word' id='word_1_95' title='bbox 450 1535 564 1583; x_wconf 85' lang='lat' dir='ltr'>Gordon.</span> <span class='ocrx_word' id='word_1_96' title='bbox 591 1536 720 1599; x_wconf 81' lang='lat' dir='ltr'>Corrupto</span> <span class='ocrx_word' id='word_1_97' title='bbox 740 1536 792 1585; x_wconf 84' lang='lat' dir='ltr'>ltls.</span> <span class='ocrx_word' id='word_1_98' title='bbox 812 1536 881 1584; x_wconf 86' lang='lat' dir='ltr'>Flor.</span> <span class='ocrx_word' id='word_1_99' title='bbox 898 1539 991 1583; x_wconf 74' lang='lat' dir='ltr'>retorto</span> <span class='ocrx_word' id='word_1_100' title='bbox 1009 1548 1086 1582; x_wconf 75' lang='lat' dir='ltr'>memo</span> <span class='ocrx_word' id='word_1_101' title='bbox 1104 1535 1234 1585; x_wconf 72' lang='lat' dir='ltr'>civitatem.</span> 
     </span>
     <span class='ocr_line' id='line_1_14' title="bbox 123 1598 1232 1662; baseline 0.001 -14"><span class='ocrx_word' id='word_1_102' title='bbox 123 1598 176 1650; x_wconf 78' lang='lat' dir='ltr'>bis.</span> <span class='ocrx_word' id='word_1_103' title='bbox 188 1600 261 1661; x_wconf 77' lang='lat' dir='ltr'>Reg.</span> <span class='ocrx_word' id='word_1_104' title='bbox 273 1604 302 1647; x_wconf 91' lang='lat' dir='ltr'>et</span> <span class='ocrx_word' id='word_1_105' title='bbox 314 1599 396 1647; x_wconf 90' lang='lat' dir='ltr'>editio</span> <span class='ocrx_word' id='word_1_106' title='bbox 408 1599 538 1662; x_wconf 89' lang='lat' dir='ltr'>princeps,</span> <span class='ocrx_word' id='word_1_107' title='bbox 552 1603 644 1648; x_wconf 64' lang='lat' dir='ltr'>relano</span> <span class='ocrx_word' id='word_1_108' title='bbox 654 1616 736 1649; x_wconf 80' lang='lat' dir='ltr'>monus</span> <span class='ocrx_word' id='word_1_109' title='bbox 747 1600 876 1649; x_wconf 73' lang='lat' dir='ltr'>civitatem.</span> <span class='ocrx_word' id='word_1_110' title='bbox 910 1598 1048 1648; x_wconf 90' lang='lat' dir='ltr'>Ms.Corb.</span> <span class='ocrx_word' id='word_1_111' title='bbox 1068 1612 1144 1647; x_wconf 83' lang='lat' dir='ltr'>moos.</span> <span class='ocrx_word' id='word_1_112' title='bbox 1180 1598 1232 1651; x_wconf 78' lang='lat' dir='ltr'>tls.</span> 
     </span>
     <span class='ocr_line' id='line_1_15' title="bbox 123 1662 1234 1723; baseline -0.001 -12"><span class='ocrx_word' id='word_1_113' title='bbox 123 1663 194 1713; x_wconf 77' lang='lat' dir='ltr'>Buri.</span> <span class='ocrx_word' id='word_1_114' title='bbox 220 1667 341 1713; x_wconf 65' lang='lat' dir='ltr'>melum</span> <span class='ocrx_word' id='word_1_115' title='bbox 368 1678 469 1711; x_wconf 75' lang='lat' dir='ltr'>mmm.</span> <span class='ocrx_word' id='word_1_116' title='bbox 513 1662 577 1713; x_wconf 89' lang='lat' dir='ltr'>Mss.</span> <span class='ocrx_word' id='word_1_117' title='bbox 602 1664 677 1713; x_wconf 85' lang='lat' dir='ltr'>Harl.</span> <span class='ocrx_word' id='word_1_118' title='bbox 699 1665 775 1714; x_wconf 86' lang='lat' dir='ltr'>Bodl.</span> <span class='ocrx_word' id='word_1_119' title='bbox 797 1664 852 1715; x_wconf 83' lang='lat' dir='ltr'>Jcs.</span> <span class='ocrx_word' id='word_1_120' title='bbox 873 1668 902 1711; x_wconf 87' lang='lat' dir='ltr'>et</span> <span class='ocrx_word' id='word_1_121' title='bbox 924 1662 1093 1723; x_wconf 67' lang='lat' dir='ltr'>Puteolanus,</span> <span class='ocrx_word' id='word_1_122' title='bbox 1117 1666 1234 1710; x_wconf 77' lang='lat' dir='ltr'>vetustam</span> 
     </span>
     <span class='ocr_line' id='line_1_16' title="bbox 121 1724 1233 1791; baseline -0.004 -14"><span class='ocrx_word' id='word_1_123' title='bbox 121 1728 252 1777; x_wconf 64' lang='lat' dir='ltr'>mser</span> <span class='ocrx_word' id='word_1_124' title='bbox 270 1727 399 1775; x_wconf 66' lang='lat' dir='ltr'>duddan.</span> <span class='ocrx_word' id='word_1_125' title='bbox 433 1727 470 1775; x_wconf 82' lang='lat' dir='ltr'>nt</span> <span class='ocrx_word' id='word_1_126' title='bbox 488 1741 546 1775; x_wconf 89' lang='lat' dir='ltr'>cum</span> <span class='ocrx_word' id='word_1_127' title='bbox 564 1728 689 1777; x_wconf 64' lang='lat' dir='ltr'>mnodum</span> <span class='ocrx_word' id='word_1_128' title='bbox 707 1728 810 1791; x_wconf 72' lang='lat' dir='ltr'>minime</span> <span class='ocrx_word' id='word_1_129' title='bbox 833 1726 866 1777; x_wconf 86' lang='lat' dir='ltr'>slt</span> <span class='ocrx_word' id='word_1_130' title='bbox 885 1726 1076 1787; x_wconf 81' lang='lat' dir='ltr'>Cornelianum,</span> <span class='ocrx_word' id='word_1_131' title='bbox 1095 1726 1181 1789; x_wconf 90' lang='lat' dir='ltr'>potior</span> <span class='ocrx_word' id='word_1_132' title='bbox 1198 1724 1233 1773; x_wconf 89' lang='lat' dir='ltr'>vl·</span> 
     </span>
     <span class='ocr_line' id='line_1_17' title="bbox 121 1790 1233 1867; baseline -0.002 -28"><span class='ocrx_word' id='word_1_133' title='bbox 121 1792 204 1841; x_wconf 84' lang='lat' dir='ltr'>detur</span> <span class='ocrx_word' id='word_1_134' title='bbox 216 1790 341 1840; x_wconf 84' lang='lat' dir='ltr'>Piclsente</span> <span class='ocrx_word' id='word_1_135' title='bbox 352 1790 507 1839; x_wconf 75' lang='lat' dir='ltr'>emendatio.</span> <span class='ocrx_word' id='word_1_136' title='bbox 541 1792 646 1867; x_wconf 76' lang='lat' dir='ltr'>Lipsius</span> <span class='ocrx_word' id='word_1_137' title='bbox 660 1808 676 1840; x_wconf 92' lang='lat' dir='ltr'>e</span> <span class='ocrx_word' id='word_1_138' title='bbox 687 1792 739 1841; x_wconf 87' lang='lat' dir='ltr'>Ms.</span> <span class='ocrx_word' id='word_1_139' title='bbox 750 1792 818 1841; x_wconf 85' lang='lat' dir='ltr'>Flor.</span> <span class='ocrx_word' id='word_1_140' title='bbox 837 1790 965 1850; x_wconf 88' lang='lat' dir='ltr'>tentabat,</span> <span class='ocrx_word' id='word_1_141' title='bbox 986 1796 1077 1839; x_wconf 85' lang='lat' dir='ltr'>retusto</span> <span class='ocrx_word' id='word_1_142' title='bbox 1088 1790 1158 1851; x_wconf 81' lang='lat' dir='ltr'>soma</span> <span class='ocrx_word' id='word_1_143' title='bbox 1174 1790 1233 1837; x_wconf 84' lang='lat' dir='ltr'>ciri-</span> 
     </span>
     <span class='ocr_line' id='line_1_18' title="bbox 122 1854 1232 1918; baseline 0.003 -17"><span class='ocrx_word' id='word_1_144' title='bbox 122 1860 207 1905; x_wconf 78' lang='lat' dir='ltr'>tstess.</span> <span class='ocrx_word' id='word_1_145' title='bbox 242 1854 375 1904; x_wconf 75' lang='lat' dir='ltr'>librarius</span> <span class='ocrx_word' id='word_1_146' title='bbox 387 1854 413 1903; x_wconf 90' lang='lat' dir='ltr'>in</span> <span class='ocrx_word' id='word_1_147' title='bbox 425 1855 477 1904; x_wconf 87' lang='lat' dir='ltr'>Ms.</span> <span class='ocrx_word' id='word_1_148' title='bbox 487 1854 551 1917; x_wconf 72' lang='lat' dir='ltr'>Agr.</span> <span class='ocrx_word' id='word_1_149' title='bbox 559 1854 814 1918; x_wconf 78' lang='lat' dir='ltr'>vnetaoiffiooltste,</span> <span class='ocrx_word' id='word_1_150' title='bbox 825 1860 939 1905; x_wconf 71' lang='lat' dir='ltr'>retianum</span> <span class='ocrx_word' id='word_1_151' title='bbox 958 1856 1085 1903; x_wconf 73' lang='lat' dir='ltr'>civitatem.</span> <span class='ocrx_word' id='word_1_152' title='bbox 1119 1854 1232 1904; x_wconf 88' lang='lat' dir='ltr'>Brotier.</span> 
     </span>
     <span class='ocr_line' id='line_1_19' title="bbox 123 1918 1232 1983; baseline -0.001 -15"><span class='ocrx_word' id='word_1_153' title='bbox 123 1920 256 1968; x_wconf 78' lang='lat' dir='ltr'>Ernestus</span> <span class='ocrx_word' id='word_1_154' title='bbox 271 1934 331 1969; x_wconf 85' lang='lat' dir='ltr'>eum</span> <span class='ocrx_word' id='word_1_155' title='bbox 353 1919 470 1967; x_wconf 84' lang='lat' dir='ltr'>Freinsb.</span> <span class='ocrx_word' id='word_1_156' title='bbox 487 1919 606 1980; x_wconf 80' lang='lat' dir='ltr'>praetulit</span> <span class='ocrx_word' id='word_1_157' title='bbox 626 1920 781 1983; x_wconf 76' lang='lat' dir='ltr'>scripturam</span> <span class='ocrx_word' id='word_1_158' title='bbox 799 1920 850 1967; x_wconf 86' lang='lat' dir='ltr'>Ms.</span> <span class='ocrx_word' id='word_1_159' title='bbox 866 1920 934 1967; x_wconf 88' lang='lat' dir='ltr'>Flor.</span> <span class='ocrx_word' id='word_1_160' title='bbox 957 1934 1031 1983; x_wconf 77' lang='lat' dir='ltr'>quam</span> <span class='ocrx_word' id='word_1_161' title='bbox 1054 1918 1153 1979; x_wconf 85' lang='lat' dir='ltr'>recipio</span> <span class='ocrx_word' id='word_1_162' title='bbox 1174 1932 1232 1967; x_wconf 86' lang='lat' dir='ltr'>cum</span> 
     </span>
     <span class='ocr_line' id='line_1_20' title="bbox 123 1982 1233 2047; baseline 0 -15"><span class='ocrx_word' id='word_1_163' title='bbox 123 1982 238 2047; x_wconf 84' lang='lat' dir='ltr'>Bipont.</span> <span class='ocrx_word' id='word_1_164' title='bbox 257 1982 339 2031; x_wconf 71' lang='lat' dir='ltr'>Obori.</span> <span class='ocrx_word' id='word_1_165' title='bbox 373 1982 488 2045; x_wconf 70' lang='lat' dir='ltr'>Rpclsius</span> <span class='ocrx_word' id='word_1_166' title='bbox 500 1989 527 2031; x_wconf 85' lang='lat' dir='ltr'>et</span> <span class='ocrx_word' id='word_1_167' title='bbox 543 1982 699 2044; x_wconf 84' lang='lat' dir='ltr'>Gronovius,</span> <span class='ocrx_word' id='word_1_168' title='bbox 707 1990 737 2032; x_wconf 91' lang='lat' dir='ltr'>ut</span> <span class='ocrx_word' id='word_1_169' title='bbox 748 1984 891 2043; x_wconf 89' lang='lat' dir='ltr'>Brotierus,</span> <span class='ocrx_word' id='word_1_170' title='bbox 901 1988 1016 2031; x_wconf 77' lang='lat' dir='ltr'>vetustum</span> <span class='ocrx_word' id='word_1_171' title='bbox 1028 1984 1093 2029; x_wconf 78' lang='lat' dir='ltr'>Ariae</span> <span class='ocrx_word' id='word_1_172' title='bbox 1103 1982 1233 2032; x_wconf 84' lang='lat' dir='ltr'>oiritotem.</span> 
     </span>
     <span class='ocr_line' id='line_1_21' title="bbox 122 2044 1234 2104; baseline -0.004 -9"><span class='ocrx_word' id='word_1_173' title='bbox 122 2054 171 2095; x_wconf 75' lang='lat'>—5</span> <span class='ocrx_word' id='word_1_174' title='bbox 188 2046 238 2097; x_wconf 80' lang='lat' dir='ltr'>stc</span> <span class='ocrx_word' id='word_1_175' title='bbox 259 2046 399 2097; x_wconf 82' lang='lat' dir='ltr'>Rbensnos</span> <span class='ocrx_word' id='word_1_176' title='bbox 417 2054 444 2093; x_wconf 89' lang='lat' dir='ltr'>et</span> <span class='ocrx_word' id='word_1_177' title='bbox 456 2047 622 2096; x_wconf 82' lang='lat' dir='ltr'>recentiores.</span> <span class='ocrx_word' id='word_1_178' title='bbox 656 2047 687 2095; x_wconf 93' lang='lat' dir='ltr'>ln</span> <span class='ocrx_word' id='word_1_179' title='bbox 699 2048 762 2095; x_wconf 81' lang='lat' dir='ltr'>Mos.</span> <span class='ocrx_word' id='word_1_180' title='bbox 774 2055 802 2095; x_wconf 90' lang='lat' dir='ltr'>et</span> <span class='ocrx_word' id='word_1_181' title='bbox 814 2046 946 2094; x_wconf 82' lang='lat' dir='ltr'>veteribus</span> <span class='ocrx_word' id='word_1_182' title='bbox 966 2046 1133 2104; x_wconf 79' lang='lat' dir='ltr'>editionibus,</span> <span class='ocrx_word' id='word_1_183' title='bbox 1152 2044 1234 2091; x_wconf 79' lang='lat' dir='ltr'>classis</span> 
     </span>
     <span class='ocr_line' id='line_1_22' title="bbox 122 2106 1233 2174; baseline -0.004 -11"><span class='ocrx_word' id='word_1_184' title='bbox 122 2126 222 2174; x_wconf 59' lang='lat' dir='ltr'>proque</span> <span class='ocrx_word' id='word_1_185' title='bbox 257 2112 333 2163; x_wconf 82' lang='lat' dir='ltr'>Quod</span> <span class='ocrx_word' id='word_1_186' title='bbox 345 2110 473 2159; x_wconf 84' lang='lat' dir='ltr'>immerito</span> <span class='ocrx_word' id='word_1_187' title='bbox 483 2110 577 2172; x_wconf 90' lang='lat' dir='ltr'>probat</span> <span class='ocrx_word' id='word_1_188' title='bbox 594 2110 652 2161; x_wconf 88' lang='lat' dir='ltr'>Jac.</span> <span class='ocrx_word' id='word_1_189' title='bbox 671 2110 825 2171; x_wconf 83' lang='lat' dir='ltr'>Gronovius,</span> <span class='ocrx_word' id='word_1_190' title='bbox 851 2109 923 2173; x_wconf 84' lang='lat' dir='ltr'>quusi</span> <span class='ocrx_word' id='word_1_191' title='bbox 931 2108 972 2155; x_wconf 88' lang='lat' dir='ltr'>bic</span> <span class='ocrx_word' id='word_1_192' title='bbox 985 2112 1077 2168; x_wconf 82' lang='lat' dir='ltr'>agutur</span> <span class='ocrx_word' id='word_1_193' title='bbox 1085 2109 1117 2155; x_wconf 93' lang='lat' dir='ltr'>de</span> <span class='ocrx_word' id='word_1_194' title='bbox 1127 2106 1233 2160; x_wconf 79' lang='lat' dir='ltr'>Aniceti</span> 
     </span>
    </p>
   </div>
   <div class='ocr_carea' id='block_1_5' title="bbox 629 2240 737 2292">
    <p class='ocr_par' dir='ltr' id='par_1_5' title="bbox 629 2240 737 2292">
     <span class='ocr_line' id='line_1_23' title="bbox 629 2240 737 2292; baseline 0 -3"><span class='ocrx_word' id='word_1_195' title='bbox 629 2240 737 2292; x_wconf 78' lang='lat' dir='ltr'>NOTAE</span> 
     </span>
    </p>
   </div>
   <div class='ocr_carea' id='block_1_6' title="bbox 122 2328 1238 4221">
    <p class='ocr_par' dir='ltr' id='par_1_6' title="bbox 122 2328 1236 2856">
     <span class='ocr_line' id='line_1_24' title="bbox 169 2328 1234 2403; baseline -0.008 -15"><span class='ocrx_word' id='word_1_196' title='bbox 169 2347 181 2371; x_wconf 83' lang='lat'>&#39;</span> <span class='ocrx_word' id='word_1_197' title='bbox 206 2336 388 2403; x_wconf 62' lang='lat' dir='ltr'>disponentem]</span> <span class='ocrx_word' id='word_1_198' title='bbox 431 2339 570 2401; x_wconf 78' lang='lat' dir='ltr'>Trapezus,</span> <span class='ocrx_word' id='word_1_199' title='bbox 598 2336 660 2385; x_wconf 89' lang='lat' dir='ltr'>urbs</span> <span class='ocrx_word' id='word_1_200' title='bbox 702 2336 852 2397; x_wconf 82' lang='lat' dir='ltr'>Polemone,</span> <span class='ocrx_word' id='word_1_201' title='bbox 882 2334 943 2383; x_wconf 85' lang='lat' dir='ltr'>item</span> <span class='ocrx_word' id='word_1_202' title='bbox 972 2330 1087 2394; x_wconf 81' lang='lat' dir='ltr'>Alpium,</span> <span class='ocrx_word' id='word_1_203' title='bbox 1110 2328 1234 2381; x_wconf 79' lang='lat' dir='ltr'>detlincto</span> 
     </span>
     <span class='ocr_line' id='line_1_25' title="bbox 122 2405 1236 2477; baseline -0.01 -13"><span class='ocrx_word' id='word_1_204' title='bbox 122 2413 206 2464; x_wconf 82' lang='lat' dir='ltr'>Ponti</span> <span class='ocrx_word' id='word_1_205' title='bbox 219 2412 391 2477; x_wconf 78' lang='lat' dir='ltr'>Cappadocii,</span> <span class='ocrx_word' id='word_1_206' title='bbox 408 2413 441 2461; x_wconf 85' lang='lat' dir='ltr'>ad</span> <span class='ocrx_word' id='word_1_207' title='bbox 453 2413 565 2463; x_wconf 87' lang='lat' dir='ltr'>Pontum</span> <span class='ocrx_word' id='word_1_208' title='bbox 583 2411 661 2459; x_wconf 81' lang='lat' dir='ltr'>Euxi-</span> <span class='ocrx_word' id='word_1_209' title='bbox 702 2410 801 2473; x_wconf 87' lang='lat' dir='ltr'>Cottio,</span> <span class='ocrx_word' id='word_1_210' title='bbox 809 2410 835 2458; x_wconf 92' lang='lat' dir='ltr'>in</span> <span class='ocrx_word' id='word_1_211' title='bbox 846 2408 985 2473; x_wconf 75' lang='lat' dir='ltr'>provincia</span> <span class='ocrx_word' id='word_1_212' title='bbox 996 2405 1103 2455; x_wconf 85' lang='lat' dir='ltr'>formam</span> <span class='ocrx_word' id='word_1_213' title='bbox 1114 2406 1236 2469; x_wconf 55' lang='lat' dir='ltr'>redegit?</span> 
     </span>
     <span class='ocr_line' id='line_1_26' title="bbox 122 2482 1235 2553; baseline -0.01 -13"><span class='ocrx_word' id='word_1_214' title='bbox 122 2487 406 2541; x_wconf 78' lang='lat' dir='ltr'>nominAsiominore</span> <span class='ocrx_word' id='word_1_215' title='bbox 418 2489 566 2553; x_wconf 87' lang='lat' dir='ltr'>peninsula:</span> <span class='ocrx_word' id='word_1_216' title='bbox 583 2486 662 2536; x_wconf 86' lang='lat' dir='ltr'>bodie</span> <span class='ocrx_word' id='word_1_217' title='bbox 702 2486 784 2547; x_wconf 86' lang='lat' dir='ltr'>Nero,</span> <span class='ocrx_word' id='word_1_218' title='bbox 812 2499 912 2548; x_wconf 86' lang='lat' dir='ltr'>nempe.</span> <span class='ocrx_word' id='word_1_219' title='bbox 958 2482 1099 2531; x_wconf 81' lang='lat' dir='ltr'>Paternum</span> <span class='ocrx_word' id='word_1_220' title='bbox 1128 2494 1235 2545; x_wconf 83' lang='lat' dir='ltr'>regnum</span> 
     </span>
     <span class='ocr_line' id='line_1_27' title="bbox 125 2556 1235 2628; baseline -0.012 -10"><span class='ocrx_word' id='word_1_221' title='bbox 125 2568 270 2619; x_wconf 74' lang='lat' dir='ltr'>Trebisorsde</span> <span class='ocrx_word' id='word_1_222' title='bbox 285 2567 403 2628; x_wconf 85' lang='lat' dir='ltr'>Francis,</span> <span class='ocrx_word' id='word_1_223' title='bbox 415 2566 547 2614; x_wconf 81' lang='lat' dir='ltr'>Torubosss</span> <span class='ocrx_word' id='word_1_224' title='bbox 557 2562 661 2624; x_wconf 86' lang='lat' dir='ltr'>Turcis,</span> <span class='ocrx_word' id='word_1_225' title='bbox 702 2560 838 2609; x_wconf 85' lang='lat' dir='ltr'>Polemoni</span> <span class='ocrx_word' id='word_1_226' title='bbox 858 2559 968 2609; x_wconf 82' lang='lat' dir='ltr'>dederat</span> <span class='ocrx_word' id='word_1_227' title='bbox 980 2558 1057 2607; x_wconf 84' lang='lat' dir='ltr'>Caius</span> <span class='ocrx_word' id='word_1_228' title='bbox 1068 2556 1189 2618; x_wconf 88' lang='lat' dir='ltr'>princeps</span> <span class='ocrx_word' id='word_1_229' title='bbox 1202 2568 1235 2605; x_wconf 77' lang='lat' dir='ltr'>ex</span> 
     </span>
     <span class='ocr_line' id='line_1_28' title="bbox 122 2632 1233 2708; baseline -0.014 -14"><span class='ocrx_word' id='word_1_230' title='bbox 122 2645 188 2695; x_wconf 81' lang='lat' dir='ltr'>orbs</span> <span class='ocrx_word' id='word_1_231' title='bbox 208 2642 374 2708; x_wconf 66' lang='lat' dir='ltr'>protectura</span> <span class='ocrx_word' id='word_1_232' title='bbox 394 2642 551 2699; x_wconf 68' lang='lat' dir='ltr'>cognominis</span> <span class='ocrx_word' id='word_1_233' title='bbox 570 2640 661 2690; x_wconf 85' lang='lat' dir='ltr'>inNs·</span> <span class='ocrx_word' id='word_1_234' title='bbox 701 2635 780 2695; x_wconf 87' lang='lat' dir='ltr'>SCto‚</span> <span class='ocrx_word' id='word_1_235' title='bbox 799 2644 866 2682; x_wconf 88' lang='lat' dir='ltr'>teste</span> <span class='ocrx_word' id='word_1_236' title='bbox 889 2636 973 2683; x_wconf 88' lang='lat' dir='ltr'>Dione</span> <span class='ocrx_word' id='word_1_237' title='bbox 997 2633 1106 2679; x_wconf 53' lang='grc' dir='ltr'>111111κ</span> <span class='ocrx_word' id='word_1_238' title='bbox 1152 2632 1233 2679; x_wconf 78' lang='lat' dir='ltr'>Forte</span> 
     </span>
     <span class='ocr_line' id='line_1_29' title="bbox 125 2706 1236 2783; baseline -0.013 -15"><span class='ocrx_word' id='word_1_239' title='bbox 125 2721 192 2770; x_wconf 77' lang='lat' dir='ltr'>tolia</span> <span class='ocrx_word' id='word_1_240' title='bbox 202 2720 319 2783; x_wconf 74' lang='lat' dir='ltr'>regione,</span> <span class='ocrx_word' id='word_1_241' title='bbox 336 2718 370 2767; x_wconf 81' lang='lat' dir='ltr'>od</span> <span class='ocrx_word' id='word_1_242' title='bbox 387 2730 458 2765; x_wconf 90' lang='lat' dir='ltr'>mare</span> <span class='ocrx_word' id='word_1_243' title='bbox 476 2716 595 2777; x_wconf 76' lang='lat' dir='ltr'>Nigrum,</span> <span class='ocrx_word' id='word_1_244' title='bbox 614 2711 661 2761; x_wconf 86' lang='lat' dir='ltr'>sub</span> <span class='ocrx_word' id='word_1_245' title='bbox 701 2724 808 2773; x_wconf 83' lang='lat' dir='ltr'>regnum</span> <span class='ocrx_word' id='word_1_246' title='bbox 817 2708 952 2755; x_wconf 88' lang='lat' dir='ltr'>Ponticum</span> <span class='ocrx_word' id='word_1_247' title='bbox 962 2712 1118 2761; x_wconf 81' lang='lat' dir='ltr'>testamento</span> <span class='ocrx_word' id='word_1_248' title='bbox 1126 2706 1236 2769; x_wconf 88' lang='lat' dir='ltr'>relique-</span> 
     </span>
     <span class='ocr_line' id='line_1_30' title="bbox 124 2779 1234 2856; baseline -0.018 -9"><span class='ocrx_word' id='word_1_249' title='bbox 124 2796 236 2847; x_wconf 73' lang='lat' dir='ltr'>turcico</span> <span class='ocrx_word' id='word_1_250' title='bbox 247 2794 357 2856; x_wconf 85' lang='lat' dir='ltr'>imperio</span> <span class='ocrx_word' id='word_1_251' title='bbox 370 2791 495 2840; x_wconf 84' lang='lat' dir='ltr'>Asiatico.</span> <span class='ocrx_word' id='word_1_252' title='bbox 523 2790 645 2837; x_wconf 68' lang='lat' dir='ltr'>Tillenos.</span> <span class='ocrx_word' id='word_1_253' title='bbox 703 2792 744 2833; x_wconf 85' lang='lat' dir='ltr'>rat</span> <span class='ocrx_word' id='word_1_254' title='bbox 767 2782 891 2831; x_wconf 83' lang='lat' dir='ltr'>Romanis</span> <span class='ocrx_word' id='word_1_255' title='bbox 908 2782 1025 2840; x_wconf 88' lang='lat' dir='ltr'>Polemo,</span> <span class='ocrx_word' id='word_1_256' title='bbox 1045 2788 1074 2829; x_wconf 90' lang='lat' dir='ltr'>ut</span> <span class='ocrx_word' id='word_1_257' title='bbox 1097 2779 1138 2826; x_wconf 88' lang='lat' dir='ltr'>alii</span> <span class='ocrx_word' id='word_1_258' title='bbox 1160 2792 1234 2843; x_wconf 77' lang='lat' dir='ltr'>reges</span> 
     </span>
    </p>

    <p class='ocr_par' dir='ltr' id='par_1_7' title="bbox 159 2859 771 2933">
     <span class='ocr_line' id='line_1_31' title="bbox 159 2859 771 2933; baseline -0.025 -13"><span class='ocrx_word' id='word_1_259' title='bbox 159 2878 177 2905; x_wconf 81' lang='lat'>&#39;</span> <span class='ocrx_word' id='word_1_260' title='bbox 189 2871 310 2933; x_wconf 73' lang='lat' dir='ltr'>Pontico]</span> <span class='ocrx_word' id='word_1_261' title='bbox 327 2868 409 2916; x_wconf 85' lang='lat' dir='ltr'>Maris</span> <span class='ocrx_word' id='word_1_262' title='bbox 421 2865 533 2914; x_wconf 85' lang='lat' dir='ltr'>Pontici.</span> <span class='ocrx_word' id='word_1_263' title='bbox 702 2859 771 2907; x_wconf 93' lang='lat' dir='ltr'>olim.</span> 
     </span>
    </p>

    <p class='ocr_par' dir='ltr' id='par_1_8' title="bbox 128 2928 1235 3383">
     <span class='ocr_line' id='line_1_32' title="bbox 159 2928 1234 3005; baseline -0.017 -9"><span class='ocrx_word' id='word_1_264' title='bbox 159 2955 172 2980; x_wconf 80' lang='lat'>¹</span> <span class='ocrx_word' id='word_1_265' title='bbox 185 2950 257 2995; x_wconf 79' lang='lat' dir='ltr'>Caero</span> <span class='ocrx_word' id='word_1_266' title='bbox 265 2946 299 2994; x_wconf 84' lang='lat' dir='ltr'>ibi</span> <span class='ocrx_word' id='word_1_267' title='bbox 309 2945 402 3005; x_wconf 79' lang='lat' dir='ltr'>cotton]</span> <span class='ocrx_word' id='word_1_268' title='bbox 419 2942 460 2989; x_wconf 90' lang='lat' dir='ltr'>lbi</span> <span class='ocrx_word' id='word_1_269' title='bbox 478 2940 565 2988; x_wconf 89' lang='lat' dir='ltr'>turbat</span> <span class='ocrx_word' id='word_1_270' title='bbox 578 2938 662 2987; x_wconf 89' lang='lat' dir='ltr'>luter·</span> <span class='ocrx_word' id='word_1_271' title='bbox 738 2933 838 2996; x_wconf 77' lang='lat' dir='ltr'>Cohors]</span> <span class='ocrx_word' id='word_1_272' title='bbox 849 2934 972 2989; x_wconf 59' lang='lat' dir='ltr'>vertunt,</span> <span class='ocrx_word' id='word_1_273' title='bbox 982 2931 1121 2993; x_wconf 81' lang='lat' dir='ltr'>qrtiogmtoo</span> <span class='ocrx_word' id='word_1_274' title='bbox 1130 2928 1234 2979; x_wconf 73' lang='lat' dir='ltr'>Grecos.</span> 
     </span>
     <span class='ocr_line' id='line_1_33' title="bbox 128 3004 1234 3087; baseline -0.018 -14"><span class='ocrx_word' id='word_1_275' title='bbox 128 3038 188 3087; x_wconf 84' lang='lat' dir='ltr'>pres</span> <span class='ocrx_word' id='word_1_276' title='bbox 199 3022 410 3084; x_wconf 76' lang='lat' dir='ltr'>Gallfingitque</span> <span class='ocrx_word' id='word_1_277' title='bbox 423 3018 502 3065; x_wconf 79' lang='lat' dir='ltr'>rotilts</span> <span class='ocrx_word' id='word_1_278' title='bbox 514 3028 662 3077; x_wconf 80' lang='lat' dir='ltr'>perperam,</span> <span class='ocrx_word' id='word_1_279' title='bbox 739 3012 840 3071; x_wconf 58' lang='lat' dir='ltr'>&amp;pium</span> <span class='ocrx_word' id='word_1_280' title='bbox 858 3006 988 3069; x_wconf 78' lang='lat' dir='ltr'>auxilium]</span> <span class='ocrx_word' id='word_1_281' title='bbox 1006 3008 1043 3054; x_wconf 86' lang='lat' dir='ltr'>Ea</span> <span class='ocrx_word' id='word_1_282' title='bbox 1056 3004 1145 3053; x_wconf 86' lang='lat' dir='ltr'>cohors</span> <span class='ocrx_word' id='word_1_283' title='bbox 1168 3018 1234 3066; x_wconf 71' lang='lat' dir='ltr'>prn-</span> 
     </span>
     <span class='ocr_line' id='line_1_34' title="bbox 128 3078 1235 3151; baseline -0.017 -3"><span class='ocrx_word' id='word_1_284' title='bbox 128 3098 208 3148; x_wconf 79' lang='lat' dir='ltr'>fnisse</span> <span class='ocrx_word' id='word_1_285' title='bbox 224 3102 283 3147; x_wconf 77' lang='lat'>5⁰⁰.</span> <span class='ocrx_word' id='word_1_286' title='bbox 295 3096 412 3144; x_wconf 88' lang='lat' dir='ltr'>homines</span> <span class='ocrx_word' id='word_1_287' title='bbox 424 3105 510 3151; x_wconf 64' lang='lat' dir='ltr'>casos,</span> <span class='ocrx_word' id='word_1_288' title='bbox 522 3090 662 3137; x_wconf 79' lang='lat' dir='ltr'>rebellasse</span> <span class='ocrx_word' id='word_1_289' title='bbox 701 3086 794 3136; x_wconf 84' lang='lat' dir='ltr'>sidium</span> <span class='ocrx_word' id='word_1_290' title='bbox 809 3084 955 3134; x_wconf 89' lang='lat' dir='ltr'>Polemonis</span> <span class='ocrx_word' id='word_1_291' title='bbox 978 3082 1042 3143; x_wconf 73' lang='lat' dir='ltr'>regis</span> <span class='ocrx_word' id='word_1_292' title='bbox 1062 3088 1118 3128; x_wconf 88' lang='lat' dir='ltr'>erat</span> <span class='ocrx_word' id='word_1_293' title='bbox 1137 3078 1196 3127; x_wconf 92' lang='lat' dir='ltr'>olim</span> <span class='ocrx_word' id='word_1_294' title='bbox 1209 3078 1235 3129; x_wconf 84' lang='lat' dir='ltr'>ln</span> 
     </span>
     <span class='ocr_line' id='line_1_35' title="bbox 130 3154 1235 3227; baseline -0.019 -2"><span class='ocrx_word' id='word_1_295' title='bbox 130 3176 246 3225; x_wconf 83' lang='lat' dir='ltr'>eosolim</span> <span class='ocrx_word' id='word_1_296' title='bbox 254 3173 379 3221; x_wconf 85' lang='lat' dir='ltr'>adversus</span> <span class='ocrx_word' id='word_1_297' title='bbox 387 3170 554 3217; x_wconf 89' lang='lat' dir='ltr'>Polemonem</span> <span class='ocrx_word' id='word_1_298' title='bbox 565 3178 662 3227; x_wconf 78' lang='lat' dir='ltr'>regern,</span> <span class='ocrx_word' id='word_1_299' title='bbox 701 3164 766 3211; x_wconf 90' lang='lat' dir='ltr'>urbe</span> <span class='ocrx_word' id='word_1_300' title='bbox 778 3164 956 3225; x_wconf 81' lang='lat' dir='ltr'>Trapezunte:</span> <span class='ocrx_word' id='word_1_301' title='bbox 974 3158 1034 3207; x_wconf 75' lang='lat' dir='ltr'>dein</span> <span class='ocrx_word' id='word_1_302' title='bbox 1050 3157 1142 3205; x_wconf 85' lang='lat' dir='ltr'>milites</span> <span class='ocrx_word' id='word_1_303' title='bbox 1159 3154 1235 3218; x_wconf 77' lang='lat' dir='ltr'>liujus</span> 
     </span>
     <span class='ocr_line' id='line_1_36' title="bbox 129 3232 1235 3310; baseline -0.019 -9"><span class='ocrx_word' id='word_1_304' title='bbox 129 3251 255 3301; x_wconf 69' lang='lat' dir='ltr'>mndsse</span> <span class='ocrx_word' id='word_1_305' title='bbox 265 3250 292 3297; x_wconf 90' lang='lat' dir='ltr'>in</span> <span class='ocrx_word' id='word_1_306' title='bbox 304 3256 393 3310; x_wconf 84' lang='lat' dir='ltr'>partes</span> <span class='ocrx_word' id='word_1_307' title='bbox 404 3246 592 3301; x_wconf 71' lang='lat' dir='ltr'>Ronrsnorum</span> <span class='ocrx_word' id='word_1_308' title='bbox 604 3256 661 3305; x_wconf 78' lang='lat' dir='ltr'>qnae</span> <span class='ocrx_word' id='word_1_309' title='bbox 703 3239 826 3297; x_wconf 83' lang='lat' dir='ltr'>cohortis,</span> <span class='ocrx_word' id='word_1_310' title='bbox 835 3238 876 3301; x_wconf 86' lang='lat' dir='ltr'>qni</span> <span class='ocrx_word' id='word_1_311' title='bbox 889 3236 970 3284; x_wconf 70' lang='lat' dir='ltr'>Greci</span> <span class='ocrx_word' id='word_1_312' title='bbox 980 3248 1023 3283; x_wconf 87' lang='lat' dir='ltr'>seu</span> <span class='ocrx_word' id='word_1_313' title='bbox 1035 3232 1138 3280; x_wconf 88' lang='lat' dir='ltr'>Pontici</span> <span class='ocrx_word' id='word_1_314' title='bbox 1150 3238 1235 3295; x_wconf 89' lang='lat' dir='ltr'>erant,</span> 
     </span>
     <span class='ocr_line' id='line_1_37' title="bbox 128 3310 1234 3383; baseline -0.022 -5"><span class='ocrx_word' id='word_1_315' title='bbox 128 3328 215 3377; x_wconf 74' lang='lat' dir='ltr'>onnia</span> <span class='ocrx_word' id='word_1_316' title='bbox 226 3324 299 3383; x_wconf 83' lang='lat' dir='ltr'>ficta,</span> <span class='ocrx_word' id='word_1_317' title='bbox 308 3325 349 3372; x_wconf 87' lang='lat' dir='ltr'>vel</span> <span class='ocrx_word' id='word_1_318' title='bbox 360 3322 435 3371; x_wconf 84' lang='lat' dir='ltr'>falsa.</span> <span class='ocrx_word' id='word_1_319' title='bbox 702 3316 728 3363; x_wconf 94' lang='lat' dir='ltr'>in</span> <span class='ocrx_word' id='word_1_320' title='bbox 741 3315 811 3361; x_wconf 79' lang='lat' dir='ltr'>cives</span> <span class='ocrx_word' id='word_1_321' title='bbox 826 3314 898 3360; x_wconf 80' lang='lat' dir='ltr'>llum.</span> <span class='ocrx_word' id='word_1_322' title='bbox 911 3310 1018 3372; x_wconf 82' lang='lat' dir='ltr'>ascripti</span> <span class='ocrx_word' id='word_1_323' title='bbox 1030 3316 1097 3369; x_wconf 88' lang='lat' dir='ltr'>snut,</span> <span class='ocrx_word' id='word_1_324' title='bbox 1108 3315 1137 3355; x_wconf 91' lang='lat' dir='ltr'>nt</span> <span class='ocrx_word' id='word_1_325' title='bbox 1149 3320 1181 3354; x_wconf 81' lang='lat' dir='ltr'>ex</span> <span class='ocrx_word' id='word_1_326' title='bbox 1193 3320 1234 3355; x_wconf 87' lang='lat' dir='ltr'>so·</span> 
     </span>
    </p>

    <p class='ocr_par' dir='ltr' id='par_1_9' title="bbox 128 3380 1238 4221">
     <span class='ocr_line' id='line_1_38' title="bbox 160 3380 1235 3464; baseline -0.021 -11"><span class='ocrx_word' id='word_1_327' title='bbox 160 3402 288 3464; x_wconf 63' lang='lat' dir='ltr'>unqua</span> <span class='ocrx_word' id='word_1_328' title='bbox 299 3400 417 3449; x_wconf 68' lang='lat' dir='ltr'>mitium</span> <span class='ocrx_word' id='word_1_329' title='bbox 427 3398 535 3454; x_wconf 87' lang='lat' dir='ltr'>dictum,</span> <span class='ocrx_word' id='word_1_330' title='bbox 546 3394 587 3442; x_wconf 83' lang='lat' dir='ltr'>vel</span> <span class='ocrx_word' id='word_1_331' title='bbox 603 3393 664 3457; x_wconf 87' lang='lat' dir='ltr'>quia</span> <span class='ocrx_word' id='word_1_332' title='bbox 703 3390 749 3438; x_wconf 91' lang='lat' dir='ltr'>ciis</span> <span class='ocrx_word' id='word_1_333' title='bbox 759 3404 803 3437; x_wconf 86' lang='lat' dir='ltr'>seu</span> <span class='ocrx_word' id='word_1_334' title='bbox 817 3385 982 3436; x_wconf 78' lang='lat' dir='ltr'>attulliaribns</span> <span class='ocrx_word' id='word_1_335' title='bbox 990 3384 1083 3433; x_wconf 86' lang='lat' dir='ltr'>fierent</span> <span class='ocrx_word' id='word_1_336' title='bbox 1092 3382 1145 3430; x_wconf 80' lang='lat' dir='ltr'>teri</span> <span class='ocrx_word' id='word_1_337' title='bbox 1156 3380 1235 3445; x_wconf 74' lang='lat' dir='ltr'>legio-</span> 
     </span>
     <span class='ocr_line' id='line_1_39' title="bbox 131 3465 779 3537; baseline -0.023 -10"><span class='ocrx_word' id='word_1_338' title='bbox 131 3480 268 3527; x_wconf 78' lang='lat' dir='ltr'>auxiliares</span> <span class='ocrx_word' id='word_1_339' title='bbox 281 3477 348 3537; x_wconf 78' lang='lat' dir='ltr'>regin</span> <span class='ocrx_word' id='word_1_340' title='bbox 359 3480 443 3530; x_wconf 85' lang='lat' dir='ltr'>erant,</span> <span class='ocrx_word' id='word_1_341' title='bbox 454 3487 518 3536; x_wconf 88' lang='lat' dir='ltr'>qnos</span> <span class='ocrx_word' id='word_1_342' title='bbox 530 3468 663 3518; x_wconf 84' lang='lat' dir='ltr'>submitte·</span> <span class='ocrx_word' id='word_1_343' title='bbox 704 3465 779 3514; x_wconf 84' lang='lat' dir='ltr'>narii.</span> 
     </span>
     <span class='ocr_line' id='line_1_40' title="bbox 130 3534 1234 3609; baseline -0.022 -1"><span class='ocrx_word' id='word_1_344' title='bbox 130 3554 176 3608; x_wconf 81' lang='lat' dir='ltr'>bat</span> <span class='ocrx_word' id='word_1_345' title='bbox 194 3554 316 3605; x_wconf 79' lang='lat' dir='ltr'>Romanis</span> <span class='ocrx_word' id='word_1_346' title='bbox 344 3566 402 3600; x_wconf 90' lang='lat' dir='ltr'>cum</span> <span class='ocrx_word' id='word_1_347' title='bbox 426 3549 480 3598; x_wconf 79' lang='lat' dir='ltr'>aliis</span> <span class='ocrx_word' id='word_1_348' title='bbox 500 3546 594 3609; x_wconf 88' lang='lat' dir='ltr'>copiis:</span> <span class='ocrx_word' id='word_1_349' title='bbox 614 3544 664 3606; x_wconf 87' lang='lat' dir='ltr'>vel,</span> <span class='ocrx_word' id='word_1_350' title='bbox 737 3544 771 3592; x_wconf 90' lang='lat' dir='ltr'>Et</span> <span class='ocrx_word' id='word_1_351' title='bbox 791 3550 862 3590; x_wconf 89' lang='lat' dir='ltr'>certe</span> <span class='ocrx_word' id='word_1_352' title='bbox 877 3541 931 3604; x_wconf 86' lang='lat' dir='ltr'>jam</span> <span class='ocrx_word' id='word_1_353' title='bbox 952 3540 1044 3587; x_wconf 87' lang='lat' dir='ltr'>‘arma</span> <span class='ocrx_word' id='word_1_354' title='bbox 1066 3539 1187 3599; x_wconf 78' lang='lat' dir='ltr'>signoque</span> <span class='ocrx_word' id='word_1_355' title='bbox 1208 3534 1234 3585; x_wconf 83' lang='lat' dir='ltr'>in</span> 
     </span>
     <span class='ocr_line' id='line_1_41' title="bbox 129 3610 1236 3696; baseline -0.019 -17"><span class='ocrx_word' id='word_1_356' title='bbox 129 3632 229 3696; x_wconf 84' lang='lat' dir='ltr'>potins,</span> <span class='ocrx_word' id='word_1_357' title='bbox 238 3630 377 3693; x_wconf 67' lang='lat' dir='ltr'>presidium</span> <span class='ocrx_word' id='word_1_358' title='bbox 388 3627 479 3688; x_wconf 68' lang='lat' dir='ltr'>regiam</span> <span class='ocrx_word' id='word_1_359' title='bbox 488 3622 546 3681; x_wconf 81' lang='lat' dir='ltr'>luit,</span> <span class='ocrx_word' id='word_1_360' title='bbox 553 3636 603 3685; x_wconf 84' lang='lat' dir='ltr'>qno</span> <span class='ocrx_word' id='word_1_361' title='bbox 615 3634 661 3668; x_wconf 77' lang='lat' dir='ltr'>rer</span> <span class='ocrx_word' id='word_1_362' title='bbox 704 3626 817 3666; x_wconf 72' lang='lat' dir='ltr'>nostrum</span> <span class='ocrx_word' id='word_1_363' title='bbox 829 3615 931 3665; x_wconf 89' lang='lat' dir='ltr'>modum</span> <span class='ocrx_word' id='word_1_364' title='bbox 939 3614 956 3663; x_wconf 86' lang='lat'>:’</span> <span class='ocrx_word' id='word_1_365' title='bbox 973 3615 998 3661; x_wconf 92' lang='lat' dir='ltr'>id</span> <span class='ocrx_word' id='word_1_366' title='bbox 1010 3621 1059 3673; x_wconf 83' lang='lat' dir='ltr'>est,</span> <span class='ocrx_word' id='word_1_367' title='bbox 1070 3627 1139 3661; x_wconf 89' lang='lat' dir='ltr'>more</span> <span class='ocrx_word' id='word_1_368' title='bbox 1156 3610 1236 3673; x_wconf 77' lang='lat' dir='ltr'>legio·</span> 
     </span>
     <span class='ocr_line' id='line_1_42' title="bbox 129 3688 1235 3772; baseline -0.023 -13"><span class='ocrx_word' id='word_1_369' title='bbox 129 3724 224 3772; x_wconf 78' lang='lat' dir='ltr'>nempe</span> <span class='ocrx_word' id='word_1_370' title='bbox 243 3708 359 3765; x_wconf 83' lang='lat' dir='ltr'>Polemo,</span> <span class='ocrx_word' id='word_1_371' title='bbox 368 3706 554 3765; x_wconf 74' lang='lat' dir='ltr'>Trapessrntem</span> <span class='ocrx_word' id='word_1_372' title='bbox 571 3701 661 3747; x_wconf 81' lang='lat' dir='ltr'>civita·</span> <span class='ocrx_word' id='word_1_373' title='bbox 703 3694 832 3743; x_wconf 85' lang='lat' dir='ltr'>nariorum</span> <span class='ocrx_word' id='word_1_374' title='bbox 860 3692 1007 3739; x_wconf 79' lang='lat' dir='ltr'>trabebant:</span> <span class='ocrx_word' id='word_1_375' title='bbox 1042 3689 1087 3737; x_wconf 82' lang='lat' dir='ltr'>scd</span> <span class='ocrx_word' id='word_1_376' title='bbox 1115 3688 1235 3736; x_wconf 88' lang='lat' dir='ltr'>inertiam</span> 
     </span>
     <span class='ocr_line' id='line_1_43' title="bbox 128 3766 1238 3834; baseline -0.023 0"><span class='ocrx_word' id='word_1_377' title='bbox 128 3791 183 3834; x_wconf 83' lang='lat' dir='ltr'>tens</span> <span class='ocrx_word' id='word_1_378' title='bbox 205 3782 381 3833; x_wconf 79' lang='lat' dir='ltr'>custodiebat.</span> <span class='ocrx_word' id='word_1_379' title='bbox 424 3781 481 3829; x_wconf 78' lang='lat' dir='ltr'>Nec</span> <span class='ocrx_word' id='word_1_380' title='bbox 503 3776 662 3825; x_wconf 76' lang='lat' dir='ltr'>rebellatore</span> <span class='ocrx_word' id='word_1_381' title='bbox 704 3766 1238 3832; x_wconf 82' lang='lat' dir='ltr'>lasciviamqueGracamitliretinuerant;</span> 
     </span>
     <span class='ocr_line' id='line_1_44' title="bbox 129 3838 1237 3915; baseline -0.023 -7"><span class='ocrx_word' id='word_1_382' title='bbox 129 3860 168 3915; x_wconf 86' lang='lat' dir='ltr'>illi</span> <span class='ocrx_word' id='word_1_383' title='bbox 178 3858 305 3907; x_wconf 72' lang='lat' dir='ltr'>adversus</span> <span class='ocrx_word' id='word_1_384' title='bbox 323 3870 420 3915; x_wconf 65' lang='lat' dir='ltr'>rvpern,</span> <span class='ocrx_word' id='word_1_385' title='bbox 437 3853 481 3902; x_wconf 73' lang='lat' dir='ltr'>sed</span> <span class='ocrx_word' id='word_1_386' title='bbox 502 3850 662 3901; x_wconf 83' lang='lat' dir='ltr'>concedente</span> <span class='ocrx_word' id='word_1_387' title='bbox 705 3840 772 3895; x_wconf 79' lang='lat' dir='ltr'>n&#39;nde</span> <span class='ocrx_word' id='word_1_388' title='bbox 782 3844 899 3904; x_wconf 82' lang='lat' dir='ltr'>exitium,</span> <span class='ocrx_word' id='word_1_389' title='bbox 908 3844 967 3892; x_wconf 90' lang='lat' dir='ltr'>ideo</span> <span class='ocrx_word' id='word_1_390' title='bbox 979 3854 1003 3891; x_wconf 86' lang='lat' dir='ltr'>et</span> <span class='ocrx_word' id='word_1_391' title='bbox 1017 3842 1145 3890; x_wconf 85' lang='lat' dir='ltr'>incuriosa</span> <span class='ocrx_word' id='word_1_392' title='bbox 1155 3838 1237 3886; x_wconf 76' lang='lat' dir='ltr'>colim</span> 
     </span>
     <span class='ocr_line' id='line_1_45' title="bbox 129 3928 770 3995; baseline -0.022 -11"><span class='ocrx_word' id='word_1_393' title='bbox 129 3936 193 3995; x_wconf 82' lang='lat' dir='ltr'>rita,</span> <span class='ocrx_word' id='word_1_394' title='bbox 206 3935 248 3981; x_wconf 83' lang='lat' dir='ltr'>vel</span> <span class='ocrx_word' id='word_1_395' title='bbox 262 3933 356 3994; x_wconf 75' lang='lat' dir='ltr'>alioqui</span> <span class='ocrx_word' id='word_1_396' title='bbox 373 3930 498 3993; x_wconf 79' lang='lat' dir='ltr'>largiente</span> <span class='ocrx_word' id='word_1_397' title='bbox 513 3928 663 3985; x_wconf 84' lang='lat' dir='ltr'>Polemone,</span> <span class='ocrx_word' id='word_1_398' title='bbox 702 3938 770 3972; x_wconf 77' lang='lat' dir='ltr'>cresto</span> 
     </span>
     <span class='ocr_line' id='line_1_46' title="bbox 128 3984 1234 4073; baseline -0.025 -12"><span class='ocrx_word' id='word_1_399' title='bbox 128 4011 293 4073; x_wconf 74' lang='lat' dir='ltr'>redactaque</span> <span class='ocrx_word' id='word_1_400' title='bbox 306 4014 329 4055; x_wconf 85' lang='lat' dir='ltr'>in</span> <span class='ocrx_word' id='word_1_401' title='bbox 346 4006 503 4069; x_wconf 73' lang='lat' dir='ltr'>provinciam</span> <span class='ocrx_word' id='word_1_402' title='bbox 523 4017 612 4065; x_wconf 72' lang='lat' dir='ltr'>regno,</span> <span class='ocrx_word' id='word_1_403' title='bbox 631 4016 662 4049; x_wconf 90' lang='lat' dir='ltr'>eo</span> <span class='ocrx_word' id='word_1_404' title='bbox 736 3998 835 4047; x_wconf 81' lang='lat' dir='ltr'>¹t&#39;lusri</span> <span class='ocrx_word' id='word_1_405' title='bbox 853 3995 950 4059; x_wconf 64' lang='lat' dir='ltr'>meque]</span> <span class='ocrx_word' id='word_1_406' title='bbox 987 3994 1060 4041; x_wconf 78' lang='lat' dir='ltr'>lianc</span> <span class='ocrx_word' id='word_1_407' title='bbox 1072 3992 1178 4038; x_wconf 80' lang='lat' dir='ltr'>classem</span> <span class='ocrx_word' id='word_1_408' title='bbox 1189 3984 1234 4034; x_wconf 84' lang='lat' dir='ltr'>lla·</span> 
     </span>
     <span class='ocr_line' id='line_1_47' title="bbox 128 4051 1235 4151; baseline -0.024 -15"><span class='ocrx_word' id='word_1_409' title='bbox 128 4086 188 4151; x_wconf 81' lang='lat' dir='ltr'>ipso</span> <span class='ocrx_word' id='word_1_410' title='bbox 202 4086 312 4134; x_wconf 84' lang='lat' dir='ltr'>Romani</span> <span class='ocrx_word' id='word_1_411' title='bbox 324 4083 437 4131; x_wconf 73' lang='lat' dir='ltr'>fuerumt.</span> <span class='ocrx_word' id='word_1_412' title='bbox 454 4083 526 4128; x_wconf 82' lang='lat' dir='ltr'>Suet.</span> <span class='ocrx_word' id='word_1_413' title='bbox 541 4081 604 4127; x_wconf 74' lang='lat' dir='ltr'>Ner.</span> <span class='ocrx_word' id='word_1_414' title='bbox 624 4082 662 4126; x_wconf 84' lang='grc'>18.</span> <span class='ocrx_word' id='word_1_415' title='bbox 705 4076 786 4123; x_wconf 87' lang='lat' dir='ltr'>buerc</span> <span class='ocrx_word' id='word_1_416' title='bbox 798 4054 932 4131; x_wconf 71' lang='lat' dir='ltr'>iu⁸Ponto,</span> <span class='ocrx_word' id='word_1_417' title='bbox 952 4070 976 4117; x_wconf 94' lang='lat' dir='ltr'>id</span> <span class='ocrx_word' id='word_1_418' title='bbox 998 4074 1047 4127; x_wconf 85' lang='lat' dir='ltr'>est,</span> <span class='ocrx_word' id='word_1_419' title='bbox 1066 4067 1090 4113; x_wconf 92' lang='lat' dir='ltr'>in</span> <span class='ocrx_word' id='word_1_420' title='bbox 1110 4062 1195 4129; x_wconf 88' lang='lat' dir='ltr'>capite</span> <span class='ocrx_word' id='word_1_421' title='bbox 1206 4051 1235 4110; x_wconf 76' lang='lat' dir='ltr'>et</span> 
     </span>
     <span class='ocr_line' id='line_1_48' title="bbox 129 4138 1234 4221; baseline -0.025 -7"><span class='ocrx_word' id='word_1_422' title='bbox 129 4162 241 4213; x_wconf 87' lang='lat' dir='ltr'>‘Ponti</span> <span class='ocrx_word' id='word_1_423' title='bbox 264 4161 340 4209; x_wconf 87' lang='lat' dir='ltr'>modo</span> <span class='ocrx_word' id='word_1_424' title='bbox 364 4173 483 4221; x_wconf 76' lang='lat' dir='ltr'>regnum,</span> <span class='ocrx_word' id='word_1_425' title='bbox 505 4155 664 4206; x_wconf 88' lang='lat' dir='ltr'>concedente</span> <span class='ocrx_word' id='word_1_426' title='bbox 703 4152 776 4201; x_wconf 80' lang='lat' dir='ltr'>tonte</span> <span class='ocrx_word' id='word_1_427' title='bbox 797 4148 874 4199; x_wconf 85' lang='lat' dir='ltr'>maris</span> <span class='ocrx_word' id='word_1_428' title='bbox 895 4140 1091 4197; x_wconf 84' lang='lat' dir='ltr'>Mediterranei.</span> <span class='ocrx_word' id='word_1_429' title='bbox 1123 4140 1166 4188; x_wconf 88' lang='lat' dir='ltr'>De</span> <span class='ocrx_word' id='word_1_430' title='bbox 1186 4138 1234 4187; x_wconf 86' lang='lat' dir='ltr'>bso</span> 
     </span>
    </p>
   </div>
   <div class='ocr_carea' id='block_1_7' title="bbox 196 4218 1168 4305">
    <p class='ocr_par' dir='ltr' id='par_1_10' title="bbox 196 4218 1168 4305">
     <span class='ocr_line' id='line_1_49' title="bbox 196 4218 1168 4305; baseline -0.01 -13"><span class='ocrx_word' id='word_1_431' title='bbox 196 4241 325 4305; x_wconf 72' lang='lat' dir='ltr'>moun</span> <span class='ocrx_word' id='word_1_432' title='bbox 340 4238 473 4290; x_wconf 56' lang='lat' dir='ltr'>Vacuo.</span> <span class='ocrx_word' id='word_1_433' title='bbox 646 4232 724 4286; x_wconf 71' lang='lat' dir='ltr'>naar.</span> <span class='ocrx_word' id='word_1_434' title='bbox 1110 4218 1168 4271; x_wconf 73' lang='lat'>811</span> 
     </span>
    </p>
   </div>
   <div class='ocr_carea' id='block_1_8' title="bbox 0 0 1468 4742">
    <p class='ocr_par' dir='ltr' id='par_1_11' title="bbox 0 0 1468 4742">
     <span class='ocr_line' id='line_1_50' title="bbox 0 0 1468 4742; baseline 0 0"><span class='ocrx_word' id='word_1_435' title='bbox 0 0 1468 4742; x_wconf 95' lang='lat' dir='ltr'> </span> 
     </span>
    </p>
   </div>
  </div>
 </body>
</html>
