2925 4742
132 284 163 358 sp
176 289 298 356 aron·
490 287 757 340 ursroaraenre
781 290 927 342 nrn.·rv.
1158 275 1250 344 alae

138 433 268 503 ferocia
280 431 455 496 verborum
476 431 613 502 militem
630 433 842 499 incendebat:
865 436 924 499 nbi
937 435 1080 518 primunr
1093 439 1250 520 congredi

136 535 301 611 licuisset,
316 533 440 598 nullam
456 534 574 617 praelio
587 554 715 600 moram
729 537 897 603 lecturus:
920 539 1069 604 delectus
1090 560 1151 624 per
1164 541 1258 607 Gru·

138 637 220 702 liam
235 635 369 700 habitos
384 636 417 698 in
432 636 585 700 civitates
611 637 759 714 remittit,
776 658 817 702 ac
838 641 992 703 nuntiare
1011 639 1116 721 jubet,
1132 645 1143 674 ‘
1158 639 1251 708 suffi-

139 757 215 804 cere
247 736 393 820 Imperio
421 738 586 820 legiones:
619 740 723 802 socii²
755 739 800 802 ad
830 741 943 804 munia
972 743 1066 822 pacis
1091 743 1249 828 redirent,

138 839 264 914 securi,
280 839 372 902 velut
398 838 551 904 coniecto
581 840 680 916 bello,
706 841 797 922 quod
824 840 989 906 Rotam
1014 863 1132 908 manns
1150 864 1249 910 exce-

138 939 292 1022 pissent'
336 937 441 1004 Auxit
464 958 505 1003 ee
530 961 584 1004 res
610 940 800 1006 Gallorum³
823 945 1029 1027 obsequium.
1075 943 1176 1022 Nam,
1200 965 1250 1010 re·

140 1047 241 1125 cepta
264 1041 450 1123 juventute,
478 1041 609 1107 facilius
637 1045 758 1108 tributa
785 1046 979 1122 toleravere,
1008 1049 1179 1129 proniores
1207 1047 1251 1112 ad

139 1142 264 1218 officia,
288 1143 378 1225 quod
408 1145 672 1228 spernebantur.n
714 1144 764 1210 At
788 1146 909 1212 Civilis
932 1154 967 1213 et
990 1147 1177 1223 Classicus,
1192 1149 1251 1216 ubi

140 1243 307 1327 ‘pulsum
321 1243 489 1324 Tutorem,
517 1265 628 1322 caesos
651 1245 828 1325 Treveros,
841 1254 975 1314 'cuncta
995 1247 1146 1315 hostibus
1175 1269 1252 1332 pro·

140 1344 251 1431 spera'
281 1364 454 1428 accepere,
485 1348 606 1431 trepidi
634 1368 677 1414 ac
706 1356 934 1433 properantes,
963 1349 1044 1416 dum
1080 1350 1252 1436 dispersas

141 1465 279 1510 suorum
305 1448 424 1529 copias
449 1448 665 1526 condacensi
686 1453 811 1530 crebris
836 1453 966 1517 interim
990 1452 1114 1516 nuntiis
1131 1451 1252 1518 Velen-

140 1549 247 1612 tinum
272 1568 440 1627 monuere,
457 1555 466 1584 ‘
481 1569 525 1614 ne
544 1571 684 1618 summae
713 1553 761 1617 rei
788 1556 973 1637 periculum
995 1553 1156 1620 laceret?e
1200 1551 1253 1617 Eo

141 1651 294 1736 rapidius
327 1649 479 1730 Cerialis,
505 1653 621 1717 missis
646 1655 681 1716 in
707 1654 992 1735 Mediomatricos,
1015 1652 1079 1741 qui
1101 1655 1254 1719 breviore

141 1741 263 1818 itinere
287 1753 438 1834 legiones
463 1755 497 1817 in
523 1755 650 1819 bostem
666 1763 839 1835 verterent,
867 1764 1048 1836 contracto,
1065 1756 1157 1842 quod
1182 1759 1254 1820 eret
1331 1749 1334 1752 ⁴

141 1856 289 1922 militum
324 1855 543 1938 Mogontiaci,
585 1863 832 1941 quantumquc⁴
868 1879 983 1923 secum
1013 1861 1254 1933 transvexerat,

142 2008 214 2068 apae
223 2001 347 2067 pugnandi
355 2003 462 2066 facultas
473 2008 580 2068 daretur,
590 2008 647 2070 qaia
658 2009 798 2070 decertaret,
806 2008 867 2057 attii
876 2012 1016 2058 merus.
1049 2005 1152 2055 duritia
1164 2019 1255 2054 recens

142 2069 235 2132 scripte
244 2085 287 2132 per
298 2069 413 2130 Galliam,
423 2072 500 2119 redire
511 2071 536 2118 ia
546 2086 604 2119 raras
612 2071 730 2134 deitates,
737 2078 762 2122 et
774 2073 939 2136 popularibus
949 2071 1040 2132 referre
1044 2070 1124 2131 jabet,
1135 2067 1254 2120 sufficere

143 2133 262 2197 legiones
280 2134 389 2197 irnperio
402 2136 501 2182 tendo:
519 2135 581 2184 socii
601 2135 634 2184 ad
654 2151 728 2185 curas
747 2145 775 2186 et
794 2134 878 2186 officia
891 2137 961 2200 pacis
979 2139 1181 2192 reverterentur,
1192 2148 1255 2184 curs

144 2197 232 2258 vacui,
243 2203 367 2260 tanquam
380 2203 481 2261 patrato
493 2198 570 2257 bello,
590 2199 661 2263 quod
680 2200 797 2250 Romanu
816 2200 897 2250 virtus
909 2201 1075 2263 suscepisset.
1109 2198 1216 2246 tetendit
1227 2213 1256 2247 ee

143 2277 182 2312 res
192 2261 271 2327 fldem
282 2261 478 2325 &astutiamque
491 2262 624 2313 Gallorum.
659 2264 762 2328 Quippe,
774 2264 904 2327 reciperata
912 2264 982 2328 prebe,
1000 2263 1112 2314 titmius
1127 2262 1258 2323 vectigalia

145 2327 275 2387 aenaim,
285 2341 317 2376 eo
334 2327 473 2390 promtiores
483 2327 515 2374 ed
525 2328 615 2390 muria,
634 2330 693 2390 qaod
704 2330 918 2378 contemnebantur..
951 2330 985 2378 Ar
999 2327 1084 2378 Cicilia
1093 2332 1117 2374 et
1130 2327 1257 2388 Classicus,

142 2395 268 2455 pauperare
278 2391 388 2440 aedicere
398 2389 483 2440 fusum
493 2391 629 2453 Tutorem,
646 2391 799 2456 profligatas
810 2395 947 2454 Treveros,
956 2394 1040 2442 omnia
1052 2390 1169 2440 bostibus
1184 2389 1255 2440 efflu-

145 2457 218 2504 entia
229 2453 376 2518 ferrataque,
393 2456 476 2516 paridi
492 2459 516 2503 et
527 2453 679 2516 festinantes,
697 2459 755 2506 durs
772 2457 969 2507 didactreroanere
986 2457 1085 2505 militem
1103 2457 1256 2516 meatem,

139 2519 307 2588 sseperatibtee
315 2519 408 2568 interra
417 2519 494 2568 literis
504 2522 616 2569 modest
631 2521 765 2582 Valentino,
774 2537 806 2570 ne
818 2523 878 2571 belli
889 2535 1013 2572 samaram
1022 2519 1135 2568 sortanae
1147 2526 1176 2568 et
1192 2520 1256 2570 elesa

147 2583 333 2634 committeret.
368 2583 405 2632 Eo
423 2583 538 2646 promtius
563 2584 672 2645 Cerialis,
690 2587 769 2634 missia
792 2586 818 2634 ie
837 2586 1036 2645 Mediomatricos,
1055 2584 1096 2646 pai
1115 2583 1258 2646 eoupmdsn

146 2649 240 2700 wear
254 2647 357 2710 legiam
367 2648 477 2696 moeurs
496 2647 584 2696 bodera
600 2650 719 2712 decerent,
734 2650 866 2713 ameneio,
876 2651 938 2714 qnod
956 2654 1008 2698 erat
1023 2650 1145 2712 copim
1155 2648 1258 2710 tragos·

150 2857 343 2909 Galama—e
369 2856 443 2910 Idem
472 2855 526 2906 bis.
555 2845 822 2921 quatumcumque—6
849 2857 902 2908 lile.
925 2855 1015 2908 (ἶοτῑι.ι
1029 2855 1105 2905 terrie
1130 2853 1258 2904 eastre·-

651 2964 759 3019 Nonis.

150 3062 275 3126 dumque,
293 3074 369 3124 qaam
389 3059 505 3108 intentas
521 3071 554 3108 ne
568 3055 685 3106 vincere·
725 3059 845 3110 admirati
855 3066 916 3112 snat
927 3057 1007 3122 Galli,
1022 3058 1091 3124 quod
1102 3057 1166 3120 sessi
1177 3064 1205 3109 et
1214 3071 1259 3108 ex·

151 3144 204 3190 tar.
234 3137 429 3200 Tentoirnpetn
442 3133 612 3184 ferebaturin
629 3133 685 3184 boe·
726 3136 812 3186 beasti
840 3137 916 3186 bellis
934 3137 1061 3202 civilibus,
1075 3135 1120 3189 ,ed
1148 3142 1259 3186 externa

150 3221 203 3278 tes,
223 3219 254 3264 ut
270 3213 352 3276 magis
373 3227 418 3262 eos
437 3226 485 3276 per
504 3210 638 3260 andaciam
656 3225 686 3260 ec
726 3219 812 3262 tamen
824 3212 1055 3266 muasafficereat
1071 3212 1121 3276 ipsi
1132 3209 1189 3261 tere
1204 3211 1258 3262 sine

150 3289 275 3340 ferociam
295 3287 441 3352 sperneret,
457 3302 535 3351 qnam
547 3287 687 3351 prudentie
727 3289 814 3351 sociis,
824 3303 884 3339 curn
899 3303 954 3351 eos,
972 3302 989 3338 e
1009 3293 1107 3348 contre,
1124 3301 1171 3351 per
1191 3287 1259 3340 belle

151 3370 266 3424 careret,
285 3378 317 3413 ue
338 3363 506 3427 deciperetur
527 3371 574 3412 eut
599 3364 688 3413 vince·
727 3365 823 3429 civilia,
836 3371 910 3415 tauta
926 3379 990 3414 cure
1005 3363 1143 3426 ambirent,
1155 3378 1260 3428 prensa·

153 3451 237 3494 retur.
270 3441 312 3490 Sic
331 3439 415 3490 intra:
441 3441 560 3506 plerique
581 3442 689 3506 ‘culpa-
728 3447 797 3490 rent.

153 3520 218 3569 baut
237 3517 366 3568 Cerialem
389 3531 489 3581 passum
512 3517 599 3581 jungi,
624 3531 688 3582 quos
761 3515 912 3582 *trapam
926 3513 1261 3580 mmccptaaconducaat]

154 3595 284 3646 discretor
305 3595 463 3657 intercipere
483 3594 606 3644 licuisset.
638 3593 689 3642 Ro·
728 3593 761 3644 ld
773 3601 823 3659 est,
832 3599 988 3656 convocant,
997 3593 1148 3644 etiannum
1159 3597 1261 3648 contre·

154 3671 389 3726 maausexercitne
405 3672 690 3732 castrevallocirenrp·
728 3669 802 3718 bunt.
848 3670 908 3719 Noa
936 3668 1005 3718 enirn
1032 3667 1075 3716 bic
1108 3665 1261 3730 intelligam,

155 3749 310 3812 dedit,’&c.
730 3746 801 3810 qnasi
823 3746 909 3808 pretio
930 3751 976 3796 ent
1002 3743 1124 3792 mercede
1151 3741 1260 3792 militen

152 3872 158 3882 ,
188 3826 339 3876 *Proaiorea
356 3827 388 3875 ad
410 3826 496 3892 officia,
516 3828 577 3888 qaod
597 3840 690 3890 apeme·
730 3821 923 3880 conducerent;
946 3819 993 3868 sed
1021 3817 1192 3880 conscriptes,
1218 3829 1262 3868 re·

155 3903 252 3970 mar]
283 3903 327 3954 Sic
347 3910 389 3953 est
414 3903 543 3967 ingenium
566 3903 688 3953 hominis:
730 3899 827 3964 rlieque
845 3898 910 3948 locis
928 3909 1032 3960 sparsas
1049 3895 1137 3958 copies
1157 3900 1262 3944 conus·

156 3978 690 4044 contemtusaepeincitatnrmegis,quam
729 3975 804 4025 bunt.
1255 4021 1259 4029 ,

157 4055 283 4106 simultis
302 4054 422 4119 precibus
434 4054 586 4105 ambiretur.
619 4054 690 4104 lliuc
763 4050 939 4099 ‘Neeemeroe
955 4048 992 4096 rei
1007 4047 1137 4111 perireterr
1156 4043 1264 4110 smel]

159 4129 364 4184 concordiensi
384 4130 435 4182 rim
455 4129 598 4182 Romanam
609 4130 690 4198 magia
730 4128 764 4181 ld
775 4128 1011 4192 ermemmarus
1022 4124 1205 4186 bellunm
1215 4137 1263 4183 es·
