2925 4742
242 318 329 386 aaut
604 334 636 385 o.
658 330 838 381 conuanrr
861 323 1009 381 rscrrr·
1159 334 1209 401 [a.
1239 336 1347 389 um.

286 480 345 545 la·
363 476 546 543 Evenerant
564 474 744 558 prodigia,n
758 494 836 558 quae
860 494 969 559 neque
992 474 1124 554 hostiis,
1138 496 1243 560 neque
1257 479 1347 543 votis

242 580 336 667 piare
351 581 402 645 ias
415 580 515 643 habet
529 597 609 660 gens
625 577 851 659 superstitioni
873 579 1030 656 obnoxia,
1052 578 1268 659 religionibus
1283 578 1347 643 ad-

242 702 350 747 versa.
395 680 491 747 Visae
506 700 566 762 per
581 680 701 744 coelum
717 700 909 744 concurrere
926 681 1043 756 acies,⁰
1054 679 1224 743 rutilantia
1237 686 1347 743 arural

243 788 277 848 et
291 782 403 847 subito
422 782 559 845 nubium
581 782 656 861 igne
681 780 845 844 collucere
869 781 1054 863 templana
1097 780 1276 863 Expassae¹
1290 798 1347 844 re·

242 890 341 967 pente
364 882 493 947 delubri
513 872 618 945 loresf'
639 887 672 946 et
695 882 809 947 audita
822 882 929 965 major
942 882 1088 946 humana
1099 901 1181 958 vox,
1204 880 1344 945 ‘Exce-

242 984 319 1052 dere
335 984 429 1051 Deos
438 982 467 1048 :⁵’
488 984 587 1047 simul
600 985 712 1067 ingens
727 990 836 1050 motus
852 982 1090 1048 excedentium.
1135 982 1224 1061 Qnae
1237 983 1346 1066 pauci

275 1198 476 1275 Exiibitolrrrat·
491 1204 591 1259 osma,
600 1214 651 1263 qaoe
661 1214 733 1262 aeque
750 1200 865 1275 rictimiq
873 1213 946 1274 aeque
955 1197 1062 1261 peribu
1076 1210 1204 1273 pru-teum
1213 1194 1268 1243 lieet
1277 1194 1358 1261 gratis

242 1269 403 1327 superstitious
420 1266 531 1324 udductoe,
549 1266 715 1327 Deorumque
735 1278 876 1312 muratis
893 1263 999 1322 issem.
1040 1263 1138 1324 Aspeett
1156 1274 1182 1309 ss
1196 1262 1251 1309 eoeio
1267 1272 1349 1307 ousae·

243 1334 322 1376 restes
330 1343 437 1391 pugnem
448 1330 575 1389 exoritur,
586 1328 702 1403 muratis·
711 1330 771 1391 tela
779 1334 802 1376 et
816 1327 946 1389 repentinis
955 1325 1164 1400 mbiunflmis
1172 1336 1295 1399 eorpsfnre
1305 1324 1349 1396 de·

231 1391 990 1517 rimu..
1000 1386 1349 1516 ow

705 1587 884 1614 ”neuneu

260 1700 262 1704 ·
277 1682 290 1725 1
310 1676 353 1728 Sic
364 1676 431 1727 bene
443 1674 609 1729 Puteolanus.
643 1678 772 1741 Corrupto
787 1678 838 1727 llis.
858 1678 929 1729 lior.
941 1682 1051 1743 experte.
1083 1677 1116 1727 Ia
1126 1677 1191 1727 Mas.
1202 1676 1270 1739 Reg.
1283 1674 1349 1741 Agr.

731 1850 842 1900 Now

239 1978 320 2042 jectis
335 1976 445 2041 exuviis,
456 1978 554 2042 gladios
573 1978 698 2028 attollunt
715 1978 774 2027 lori·
814 1978 883 2043 quod
901 1978 991 2040 rnlgus
1011 1974 1243 2039 interpretabatur,
1262 1988 1350 2023 cumn·

243 2062 303 2104 catu
315 2055 535 2117 pectore...caesi
552 2054 604 2104 illic
615 2054 690 2103 multi
707 2069 774 2103 mor·
813 2052 898 2103 landae
917 2052 1001 2115 gentis
1011 2051 1133 2101 indicium
1145 2050 1247 2099 rideri:
1264 2064 1350 2113 eoque

244 2128 330 2202 tales!
373 2184 375 2190 ,
813 2129 916 2191 impubi
934 2134 1133 2189 sunt‚taaqnam
1153 2133 1256 2187 tempas
1276 2124 1350 2175 soret

276 2213 288 2237 ¹¹
305 2206 439 2255 liceaernni
452 2204 575 2268 prodigio]
601 2206 677 2268 Puto,
699 2206 774 2254 intel·
813 2202 944 2253 libertatis
957 2201 1129 2265 recipiendae!

242 2279 309 2343 tigit,
320 2280 427 2329 Jrrdaeos
438 2294 490 2327 uon
507 2280 621 2342 potuisse
634 2294 773 2343 procurare
844 2276 1350 2343 ‘Erprmrepeatedelabriforesfflest

242 2356 288 2405 illa
299 2354 425 2418 prodigia,
440 2356 500 2419 quia
517 2355 688 2417 superstitiosi
700 2360 775 2403 erant
814 2354 862 2418 sip.
874 2370 899 2403 v.
909 2360 950 2406 it.
966 2353 1147 2402 ‘orientalem
1166 2368 1271 2419 quoqne
1290 2369 1349 2417 por·

244 2437 273 2479 et
283 2429 451 2493 religionibus
465 2430 581 2479 Deorum
593 2428 710 2477 adversi:
723 2431 775 2489 vel,
815 2434 866 2479 tam
889 2430 1037 2479 interiorem
1059 2430 1140 2478 solido
1161 2444 1213 2478 aere
1234 2444 1352 2493 gavero,

244 2510 318 2555 anta
337 2512 412 2554 erant
434 2505 478 2553 illa
498 2511 630 2567 portenta,
648 2511 678 2553 nt
698 2504 774 2552 nullis
814 2520 872 2569 quae
892 2507 988 2553 soleret
1007 2504 1040 2553 ad
1056 2519 1191 2567 vesperam
1204 2504 1299 2566 viginti
1313 2505 1350 2552 ri·

243 2580 345 2642 hostiis,
365 2580 439 2627 nullis
459 2580 567 2642 piaculis
587 2586 633 2627 aut
662 2580 775 2627 caerimo·
814 2595 900 2629 rorum
921 2582 1002 2629 multo
1019 2581 1106 2630 claudi
1122 2581 1220 2641 labore,
1242 2581 1350 2631 obsera·

244 2656 293 2705 uiis
305 2654 381 2719 piari,
392 2656 556 2717 esorsri,aut
564 2654 645 2703 averti
655 2664 774 2717 possent;
814 2661 868 2704 tam
880 2656 997 2705 vectibus
1009 2655 1112 2717 ferreis,
1120 2670 1169 2719 per
1178 2656 1350 2720 aliquotnoc·

243 2738 271 2781 et
290 2731 434 2795 presertim
456 2746 471 2779 a
491 2730 537 2780 tali
559 2739 635 2793 gente
655 2744 737 2793 prava
747 2737 775 2778 et
814 2737 855 2779 tes
871 2738 964 2794 sponte
980 2738 1133 2792 reseratam,
1149 2737 1177 2779 et
1193 2732 1237 2779 vis
1254 2739 1350 2794 postes

244 2805 424 2869 superstitioni
435 2805 533 2855 dedita.
814 2820 830 2853 a
851 2804 1002 2854 custodibus
1023 2806 1145 2854 clausam.
1189 2803 1221 2852 ld
1244 2820 1349 2869 quoqne
1452 2863 1453 2868 ¹

276 2883 449 2931 ⁰Coscurrere
467 2881 540 2943 netes]
557 2881 682 2945 Hegesip.
696 2870 774 2930 viii.
814 2880 1010 2929 arbitrabantur
1046 2880 1164 2943 plerique
1197 2877 1348 2928 futurorum

243 2956 336 3007 ‘Ante
356 2958 416 3007 solis
436 2971 556 3007 occasum
574 2957 659 3007 subito
682 2958 729 3005 visi
747 2959 774 3005 in
814 2956 914 3019 signnm
934 2957 1066 3014 bonorum,
1085 2956 1178 3021 quibus
1195 2956 1349 3019 ingressuris

242 3031 354 3081 nubibus
365 3046 456 3082 currus
473 3039 501 3081 et
516 3032 585 3082 acies
596 3038 710 3094 armate,
721 3032 775 3095 qai·
815 3039 892 3095 porta
903 3033 1064 3095 aperiretur!

243 3106 291 3156 bus
314 3106 394 3157 totins
416 3108 517 3160 iudea
539 3108 699 3173 regionisque
719 3108 775 3171 ejus
845 3108 995 3157 'Exeruere
1010 3108 1085 3171 Deos]
1107 3104 1349 3172 Sisacruprotsais

243 3182 322 3253 urbes
333 3183 545 3234 incursarentur!
814 3185 923 3233 miscere
933 3186 1006 3247 licet,
1014 3186 1063 3233 boe
1073 3186 1185 3235 maxime
1194 3184 1349 3233 metuebant

275 3266 289 3301 Ρ
306 3260 444 3309 Rutiluatia
454 3260 533 3323 arran]
551 3260 676 3323 Hegesip.
692 3275 716 3309 v.
732 3263 773 3309 ta
814 3260 917 3309 Etlruici
929 3268 1039 3309 veteres.
1063 3260 1125 3308 Scil.
1140 3260 1213 3323 quasi
1225 3258 1348 3307 desem·

243 3334 316 3385 ‘Per
338 3349 431 3384 annum
453 3336 533 3385 ferme
552 3352 629 3399 supra
650 3338 774 3399 templum
815 3335 883 3385 tibus
895 3336 963 3394 Diis,
974 3334 1092 3385 hostibus
1104 3335 1129 3383 iu
1146 3333 1275 3382 excidium
1287 3348 1348 3396 per·

243 3410 327 3473 ipsum
339 3419 461 3472 cometes,
474 3412 567 3475 passim
578 3412 645 3475 ignis
657 3420 684 3461 et
696 3412 774 3476 gladii
814 3410 884 3459 missi
895 3410 1060 3458 videbantur.
1093 3409 1190 3458 Atboc
1208 3408 1243 3457 de
1262 3408 1350 3472 Auge·

244 3483 371 3549 quandam
384 3484 525 3546 praeserens
537 3486 748 3536 similitudinem!
813 3487 846 3535 lis
859 3487 984 3549 ternplum
1001 3486 1206 3548 relinquentibus
1217 3485 1349 3535 intellexit

276 3559 366 3621 algae
385 3561 496 3609 collucere
509 3560 631 3623 templum]
648 3562 774 3625 Hegesip.
815 3562 952 3625 Joscpbus.
987 3563 1028 3610 lle
1054 3562 1102 3609 boc
1130 3568 1201 3611 metu
1229 3562 1349 3625 gentiunt

244 3650 271 3687 v.
283 3640 324 3685 il.
336 3638 344 3664 ⁴
355 3636 431 3685 Visus
443 3643 483 3686 est
495 3644 581 3685 sutem
598 3636 683 3701 [ignis]
696 3638 775 3700 prius·
815 3638 948 3687 Plutarclr.
958 3638 1085 3699 problem.
1097 3638 1170 3685 Rom.
1180 3637 1249 3686 ‘Cur
1258 3638 1349 3686 Denrn

244 3726 321 3776 quara
333 3714 443 3776 populns
462 3727 478 3760 a
495 3714 616 3761 Romanis
627 3728 684 3762 sese
695 3713 775 3779 disso-
815 3713 897 3775 illum,
908 3713 979 3776 cnjus
996 3713 1021 3761 in
1036 3714 1118 3762 tutela
1136 3712 1225 3761 urbem
1237 3728 1295 3763 esse
1306 3713 1349 3762 di-

244 3786 337 3837 cisret.
370 3787 436 3850 Ipsis
451 3795 538 3837 autem
555 3788 662 3837 Paaclroe
674 3789 774 3851 dicbus,
816 3792 1090 3855 cnut,siremasculus
1108 3792 1130 3838 ia
1144 3798 1245 3840 estseu
1264 3790 1350 3840 immi·

245 3862 352 3913 Xantici
371 3865 465 3913 mensis
487 3871 580 3913 octava
601 3862 655 3924 die,
678 3871 705 3913 et
728 3878 775 3927 per
815 3881 859 3926 na,
882 3874 909 3915 et
931 3880 1047 3930 quarere
1068 3872 1097 3915 et
1119 3866 1251 3917 nominare
1272 3866 1350 3917 aetas
1450 3891 1451 3900 1

245 3938 360 4003 singulas
376 3948 475 4001 noctes,
491 3941 554 3990 bora
573 3940 676 3989 circiter
698 3954 775 4002 nona,
816 3944 902 3992 esset?

246 4016 371 4078 templum
389 4022 416 4065 et
436 4031 480 4065 ara
494 4017 549 4079 ejus
569 4016 606 4065 ita
625 4016 720 4065 lumine
736 4031 776 4065 re·
847 4019 925 4067 ‘Hoc
940 4019 1008 4067 eninr
1027 4018 1066 4066 ita
1081 4032 1139 4067 esse
1149 4018 1275 4083 reiigione
1285 4033 1350 4069 cou-

244 4087 371 4153 t‘uigebat,
384 4091 456 4155 quasi
474 4092 528 4141 dies
550 4099 628 4152 esset,
643 4106 691 4155 per
702 4092 775 4141 dimi·
814 4092 927 4157 firmant,
937 4094 1069 4143 Valerium
1079 4095 1204 4143 Soranum
1220 4096 1288 4144 mala
1300 4109 1350 4157 pe·

246 4162 317 4215 dium
335 4163 418 4219 ferme
429 4167 498 4219 horse
517 4166 635 4233 qnotidie
651 4180 773 4219 manens:
814 4170 1027 4235 riissedieeutes‚
1037 4169 1107 4235 quod
1122 4168 1243 4221 Numinis
1251 4183 1349 4225 nom
