<?xml version="1.0" encoding="UTF-8"?>
<!DOCTYPE html PUBLIC "-//W3C//DTD XHTML 1.0 Transitional//EN"
    "http://www.w3.org/TR/xhtml1/DTD/xhtml1-transitional.dtd">
<html xmlns="http://www.w3.org/1999/xhtml" xml:lang="en" lang="en">
 <head>
  <title>
</title>
<meta http-equiv="Content-Type" content="text/html;charset=utf-8" />
  <meta name='ocr-system' content='tesseract 3.04.00' />
  <meta name='ocr-capabilities' content='ocr_page ocr_carea ocr_par ocr_line ocrx_word'/>
</head>
<body>
  <div class='ocr_page' id='page_1' title='image "./ccorneliitaciti02lipsgoog/ccorneliitaciti02lipsgoog_0141.png"; bbox 0 0 2925 4742; ppageno 0'>
   <div class='ocr_carea' id='block_1_1' title="bbox 116 346 1237 415">
    <p class='ocr_par' dir='ltr' id='par_1_1' title="bbox 116 346 1237 415">
     <span class='ocr_line' id='line_1_1' title="bbox 116 346 1237 415; baseline 0.012 -14"><span class='ocrx_word' id='word_1_1' title='bbox 116 347 261 415; x_wconf 70' lang='lat' dir='ltr'><strong>unua]</strong></span> <span class='ocrx_word' id='word_1_2' title='bbox 474 350 742 404; x_wconf 76' lang='lat' dir='ltr'><strong>nrsronruuuur</strong></span> <span class='ocrx_word' id='word_1_3' title='bbox 765 356 839 407; x_wconf 81' lang='lat' dir='ltr'><strong>nra.</strong></span> <span class='ocrx_word' id='word_1_4' title='bbox 860 356 917 408; x_wconf 92' lang='grc' dir='ltr'><strong>ιιι.</strong></span> <span class='ocrx_word' id='word_1_5' title='bbox 1145 346 1237 415; x_wconf 76' lang='grc'><strong>2879</strong></span> 
     </span>
    </p>
   </div>
   <div class='ocr_carea' id='block_1_2' title="bbox 115 489 1232 589">
    <p class='ocr_par' dir='ltr' id='par_1_2' title="bbox 115 489 1232 589">
     <span class='ocr_line' id='line_1_2' title="bbox 115 489 1232 589; baseline 0.014 -35"><span class='ocrx_word' id='word_1_6' title='bbox 115 493 195 573; x_wconf 88' lang='lat' dir='ltr'><strong>(pro</strong></span> <span class='ocrx_word' id='word_1_7' title='bbox 220 489 402 569; x_wconf 53' lang='lat' dir='ltr'><strong>consule?</strong></span> <span class='ocrx_word' id='word_1_8' title='bbox 430 512 507 557; x_wconf 86' lang='lat' dir='ltr'><strong>eam</strong></span> <span class='ocrx_word' id='word_1_9' title='bbox 528 498 732 577; x_wconf 81' lang='lat' dir='ltr'><strong>provinciam</strong></span> <span class='ocrx_word' id='word_1_10' title='bbox 756 518 865 564; x_wconf 85' lang='lat' dir='ltr'><strong>annuo</strong></span> <span class='ocrx_word' id='word_1_11' title='bbox 891 501 1050 585; x_wconf 78' lang='lat' dir='ltr'><strong>imperiom</strong></span> <span class='ocrx_word' id='word_1_12' title='bbox 1071 507 1232 589; x_wconf 78' lang='lat' dir='ltr'><strong>tenuerat)</strong></span> 
     </span>
    </p>
   </div>
   <div class='ocr_carea' id='block_1_3' title="bbox 109 676 1231 761">
    <p class='ocr_par' dir='ltr' id='par_1_3' title="bbox 109 676 1231 761">
     <span class='ocr_line' id='line_1_3' title="bbox 109 676 1231 761; baseline 0.005 -14"><span class='ocrx_word' id='word_1_13' title='bbox 109 676 1231 761; x_wconf 61' lang='lat' dir='ltr'><strong>remmud‚nrmm1miuoeuo,uataeproseummuoeeoeuuu</strong></span> 
     </span>
    </p>
   </div>
   <div class='ocr_carea' id='block_1_4' title="bbox 589 835 767 858">
    <p class='ocr_par' dir='ltr' id='par_1_4' title="bbox 589 835 767 858">
     <span class='ocr_line' id='line_1_4' title="bbox 589 835 767 858; baseline 0.017 -3"><span class='ocrx_word' id='word_1_14' title='bbox 589 835 767 858; x_wconf 69' lang='lat' dir='ltr'><strong>eoneeueue</strong></span> 
     </span>
    </p>
   </div>
   <div class='ocr_carea' id='block_1_5' title="bbox 112 926 1230 1066">
    <p class='ocr_par' dir='ltr' id='par_1_5' title="bbox 112 926 1230 1066">
     <span class='ocr_line' id='line_1_5' title="bbox 144 926 1230 1004; baseline 0.016 -29"><span class='ocrx_word' id='word_1_15' title='bbox 144 926 231 976; x_wconf 59' lang='lat' dir='ltr'><strong>§lta</strong></span> <span class='ocrx_word' id='word_1_16' title='bbox 252 927 361 992; x_wconf 85' lang='lat' dir='ltr'><strong>quidem</strong></span> <span class='ocrx_word' id='word_1_17' title='bbox 384 930 450 981; x_wconf 79' lang='lat' dir='ltr'><strong>Mas.</strong></span> <span class='ocrx_word' id='word_1_18' title='bbox 471 932 540 981; x_wconf 83' lang='lat' dir='ltr'><strong>Flor.</strong></span> <span class='ocrx_word' id='word_1_19' title='bbox 561 932 625 997; x_wconf 86' lang='lat' dir='ltr'><strong>Reg.</strong></span> <span class='ocrx_word' id='word_1_20' title='bbox 648 934 712 998; x_wconf 79' lang='lat' dir='ltr'><strong>Agr.</strong></span> <span class='ocrx_word' id='word_1_21' title='bbox 733 937 816 987; x_wconf 85' lang='lat' dir='ltr'><strong>editio</strong></span> <span class='ocrx_word' id='word_1_22' title='bbox 835 936 966 1002; x_wconf 86' lang='lat' dir='ltr'><strong>princeps,</strong></span> <span class='ocrx_word' id='word_1_23' title='bbox 995 938 1110 1004; x_wconf 79' lang='lat' dir='ltr'><strong>Ryelrius</strong></span> <span class='ocrx_word' id='word_1_24' title='bbox 1136 947 1164 990; x_wconf 92' lang='lat' dir='ltr'><strong>et</strong></span> <span class='ocrx_word' id='word_1_25' title='bbox 1191 956 1230 992; x_wconf 85' lang='lat' dir='ltr'><strong>ro-</strong></span> 
     </span>
     <span class='ocr_line' id='line_1_6' title="bbox 112 991 1230 1066; baseline 0.016 -29"><span class='ocrx_word' id='word_1_26' title='bbox 112 991 264 1041; x_wconf 82' lang='lat' dir='ltr'><strong>centiores.</strong></span> <span class='ocrx_word' id='word_1_27' title='bbox 298 994 364 1041; x_wconf 73' lang='lat' dir='ltr'><strong>Mus.</strong></span> <span class='ocrx_word' id='word_1_28' title='bbox 387 994 463 1043; x_wconf 84' lang='lat' dir='ltr'><strong>Harl.</strong></span> <span class='ocrx_word' id='word_1_29' title='bbox 483 996 560 1045; x_wconf 84' lang='lat' dir='ltr'><strong>Bodl.</strong></span> <span class='ocrx_word' id='word_1_30' title='bbox 578 998 633 1049; x_wconf 83' lang='lat' dir='ltr'><strong>les.</strong></span> <span class='ocrx_word' id='word_1_31' title='bbox 651 1006 680 1048; x_wconf 88' lang='lat' dir='ltr'><strong>et</strong></span> <span class='ocrx_word' id='word_1_32' title='bbox 701 1000 870 1063; x_wconf 84' lang='lat' dir='ltr'><strong>Puteolanus,</strong></span> <span class='ocrx_word' id='word_1_33' title='bbox 878 1004 1007 1066; x_wconf 69' lang='lat' dir='ltr'><strong>prooemii</strong></span> <span class='ocrx_word' id='word_1_34' title='bbox 1040 1003 1114 1053; x_wconf 86' lang='lat' dir='ltr'><strong>Idem</strong></span> <span class='ocrx_word' id='word_1_35' title='bbox 1126 1006 1230 1055; x_wconf 89' lang='lat' dir='ltr'><strong>omuino</strong></span> 
     </span>
    </p>
   </div>
   <div class='ocr_carea' id='block_1_6' title="bbox 113 1056 1230 1167">
    <p class='ocr_par' dir='ltr' id='par_1_6' title="bbox 113 1056 1230 1167">
     <span class='ocr_line' id='line_1_7' title="bbox 113 1056 1230 1167; baseline 0.017 -66"><span class='ocrx_word' id='word_1_36' title='bbox 113 1056 250 1167; x_wconf 50' lang='lat' dir='ltr'><strong>mn</strong></span> <span class='ocrx_word' id='word_1_37' title='bbox 271 1060 419 1122; x_wconf 73' lang='lat' dir='ltr'><strong>proconsule,</strong></span> <span class='ocrx_word' id='word_1_38' title='bbox 433 1058 487 1108; x_wconf 83' lang='lat' dir='ltr'><strong>sive</strong></span> <span class='ocrx_word' id='word_1_39' title='bbox 495 1064 619 1123; x_wconf 67' lang='lat' dir='ltr'><strong>procm</strong></span> <span class='ocrx_word' id='word_1_40' title='bbox 629 1063 774 1128; x_wconf 80' lang='lat' dir='ltr'>scripseris.</span> <span class='ocrx_word' id='word_1_41' title='bbox 808 1066 876 1116; x_wconf 89' lang='lat' dir='ltr'><strong>Illud</strong></span> <span class='ocrx_word' id='word_1_42' title='bbox 891 1076 990 1121; x_wconf 77' lang='lat' dir='ltr'><strong>tuntum</strong></span> <span class='ocrx_word' id='word_1_43' title='bbox 999 1069 1077 1132; x_wconf 80' lang='lat' dir='ltr'><strong>paulo</strong></span> <span class='ocrx_word' id='word_1_44' title='bbox 1089 1068 1230 1134; x_wconf 83' lang='lat' dir='ltr'><strong>antiquius.</strong></span> 
     </span>
    </p>
   </div>
   <div class='ocr_carea' id='block_1_7' title="bbox 623 1269 733 1321">
    <p class='ocr_par' dir='ltr' id='par_1_7' title="bbox 623 1269 733 1321">
     <span class='ocr_line' id='line_1_8' title="bbox 623 1269 733 1321; baseline 0 -1"><span class='ocrx_word' id='word_1_45' title='bbox 623 1269 733 1321; x_wconf 70' lang='lat' dir='ltr'><strong>Nom</strong></span> 
     </span>
    </p>
   </div>
   <div class='ocr_carea' id='block_1_8' title="bbox 112 1382 1231 1683">
    <p class='ocr_par' dir='ltr' id='par_1_8' title="bbox 112 1382 1231 1683">
     <span class='ocr_line' id='line_1_9' title="bbox 112 1382 1230 1457; baseline 0.014 -25"><span class='ocrx_word' id='word_1_46' title='bbox 112 1395 167 1446; x_wconf 74' lang='lat' dir='ltr'><strong>qne</strong></span> <span class='ocrx_word' id='word_1_47' title='bbox 190 1382 231 1433; x_wconf 89' lang='lat' dir='ltr'><strong>sit</strong></span> <span class='ocrx_word' id='word_1_48' title='bbox 254 1384 387 1447; x_wconf 74' lang='lat' dir='ltr'><strong>Fonteius,</strong></span> <span class='ocrx_word' id='word_1_49' title='bbox 402 1391 432 1435; x_wconf 90' lang='lat' dir='ltr'><strong>ut</strong></span> <span class='ocrx_word' id='word_1_50' title='bbox 448 1387 505 1437; x_wconf 85' lang='lat' dir='ltr'><strong>vult</strong></span> <span class='ocrx_word' id='word_1_51' title='bbox 519 1387 658 1453; x_wconf 88' lang='lat' dir='ltr'><strong>Josepbus‚</strong></span> <span class='ocrx_word' id='word_1_52' title='bbox 697 1393 774 1441; x_wconf 86' lang='lat' dir='ltr'><strong>sileat</strong></span> <span class='ocrx_word' id='word_1_53' title='bbox 784 1393 888 1443; x_wconf 73' lang='lat' dir='ltr'><strong>Tacitus</strong></span> <span class='ocrx_word' id='word_1_54' title='bbox 906 1394 940 1443; x_wconf 88' lang='lat' dir='ltr'><strong>de</strong></span> <span class='ocrx_word' id='word_1_55' title='bbox 959 1391 1063 1443; x_wconf 83' lang='lat' dir='ltr'><strong>lortunu</strong></span> <span class='ocrx_word' id='word_1_56' title='bbox 1082 1393 1194 1457; x_wconf 77' lang='lat' dir='ltr'>Fonteii,</span> <span class='ocrx_word' id='word_1_57' title='bbox 1207 1394 1230 1448; x_wconf 88' lang='lat' dir='ltr'><strong>si</strong></span> 
     </span>
     <span class='ocr_line' id='line_1_10' title="bbox 112 1457 1230 1532; baseline 0.01 -24"><span class='ocrx_word' id='word_1_58' title='bbox 112 1464 190 1508; x_wconf 79' lang='lat' dir='ltr'><strong>certe</strong></span> <span class='ocrx_word' id='word_1_59' title='bbox 208 1457 376 1522; x_wconf 73' lang='lat' dir='ltr'><strong>negligenter</strong></span> <span class='ocrx_word' id='word_1_60' title='bbox 391 1460 419 1508; x_wconf 81' lang='lat' dir='ltr'><strong>iu</strong></span> <span class='ocrx_word' id='word_1_61' title='bbox 428 1462 532 1524; x_wconf 91' lang='lat' dir='ltr'><strong>scripsit</strong></span> <span class='ocrx_word' id='word_1_62' title='bbox 540 1463 657 1527; x_wconf 85' lang='lat' dir='ltr'><strong>Tacitus,</strong></span> <span class='ocrx_word' id='word_1_63' title='bbox 697 1472 751 1514; x_wconf 86' lang='lat' dir='ltr'><strong>tarn</strong></span> <span class='ocrx_word' id='word_1_64' title='bbox 770 1467 858 1532; x_wconf 86' lang='lat' dir='ltr'><strong>iniqua</strong></span> <span class='ocrx_word' id='word_1_65' title='bbox 875 1467 933 1531; x_wconf 84' lang='lat' dir='ltr'><strong>luit,</strong></span> <span class='ocrx_word' id='word_1_66' title='bbox 945 1475 976 1518; x_wconf 91' lang='grc' dir='ltr'><strong>ιιι</strong></span> <span class='ocrx_word' id='word_1_67' title='bbox 996 1467 1075 1517; x_wconf 87' lang='lat' dir='ltr'><strong>tradit</strong></span> <span class='ocrx_word' id='word_1_68' title='bbox 1090 1468 1230 1532; x_wconf 86' lang='lat' dir='ltr'><strong>Josepbus.</strong></span> 
     </span>
     <span class='ocr_line' id='line_1_11' title="bbox 114 1534 1231 1597; baseline 0.011 -15"><span class='ocrx_word' id='word_1_69' title='bbox 114 1535 162 1597; x_wconf 76' lang='lat' dir='ltr'><strong>qai</strong></span> <span class='ocrx_word' id='word_1_70' title='bbox 172 1534 241 1583; x_wconf 79' lang='lat' dir='ltr'><strong>riter</strong></span> <span class='ocrx_word' id='word_1_71' title='bbox 253 1534 288 1582; x_wconf 87' lang='lat' dir='ltr'><strong>de</strong></span> <span class='ocrx_word' id='word_1_72' title='bbox 305 1535 380 1584; x_wconf 86' lang='lat' dir='ltr'><strong>clude</strong></span> <span class='ocrx_word' id='word_1_73' title='bbox 397 1541 427 1583; x_wconf 89' lang='lat' dir='ltr'><strong>et</strong></span> <span class='ocrx_word' id='word_1_74' title='bbox 443 1537 523 1586; x_wconf 83' lang='lat' dir='ltr'><strong>exitio</strong></span> <span class='ocrx_word' id='word_1_75' title='bbox 538 1538 586 1586; x_wconf 85' lang='lat' dir='ltr'><strong>riri</strong></span> <span class='ocrx_word' id='word_1_76' title='bbox 598 1553 657 1589; x_wconf 91' lang='lat' dir='ltr'><strong>con·</strong></span> <span class='ocrx_word' id='word_1_77' title='bbox 695 1542 750 1592; x_wconf 84' lang='lat' dir='ltr'><strong>Sed</strong></span> <span class='ocrx_word' id='word_1_78' title='bbox 760 1544 908 1593; x_wconf 82' lang='lat' dir='ltr'><strong>auctoribus</strong></span> <span class='ocrx_word' id='word_1_79' title='bbox 928 1544 1029 1593; x_wconf 68' lang='lat' dir='ltr'><strong>Grecis</strong></span> <span class='ocrx_word' id='word_1_80' title='bbox 1046 1551 1075 1593; x_wconf 86' lang='lat' dir='ltr'><strong>ct</strong></span> <span class='ocrx_word' id='word_1_81' title='bbox 1089 1544 1231 1595; x_wconf 85' lang='lat' dir='ltr'><strong>Orientali·</strong></span> 
     </span>
     <span class='ocr_line' id='line_1_12' title="bbox 114 1608 1228 1683; baseline 0.013 -27"><span class='ocrx_word' id='word_1_82' title='bbox 114 1609 224 1660; x_wconf 73' lang='lat' dir='ltr'><strong>talaris.</strong></span> <span class='ocrx_word' id='word_1_83' title='bbox 251 1608 294 1658; x_wconf 81' lang='lat' dir='ltr'><strong>An</strong></span> <span class='ocrx_word' id='word_1_84' title='bbox 306 1610 371 1659; x_wconf 85' lang='lat' dir='ltr'><strong>Daci</strong></span> <span class='ocrx_word' id='word_1_85' title='bbox 383 1610 562 1676; x_wconf 77' lang='lat' dir='ltr'><strong>rebellassent,</strong></span> <span class='ocrx_word' id='word_1_86' title='bbox 572 1614 657 1678; x_wconf 84' lang='lat' dir='ltr'><strong>proili-</strong></span> <span class='ocrx_word' id='word_1_87' title='bbox 697 1616 746 1665; x_wconf 87' lang='lat' dir='ltr'><strong>bus</strong></span> <span class='ocrx_word' id='word_1_88' title='bbox 765 1632 816 1668; x_wconf 89' lang='lat' dir='ltr'><strong>nou</strong></span> <span class='ocrx_word' id='word_1_89' title='bbox 836 1634 940 1683; x_wconf 85' lang='lat' dir='ltr'><strong>prorsus</strong></span> <span class='ocrx_word' id='word_1_90' title='bbox 958 1617 1091 1669; x_wconf 85' lang='lat' dir='ltr'><strong>fidendum</strong></span> <span class='ocrx_word' id='word_1_91' title='bbox 1107 1618 1135 1667; x_wconf 92' lang='lat' dir='ltr'><strong>in</strong></span> <span class='ocrx_word' id='word_1_92' title='bbox 1152 1617 1228 1670; x_wconf 80' lang='lat' dir='ltr'><strong>rebus</strong></span> 
     </span>
    </p>
   </div>
   <div class='ocr_carea' id='block_1_9' title="bbox 17 1687 774 1780">
    <p class='ocr_par' dir='ltr' id='par_1_9' title="bbox 17 1687 774 1780">
     <span class='ocr_line' id='line_1_13' title="bbox 17 1687 774 1780; baseline 0.011 -47"><span class='ocrx_word' id='word_1_93' title='bbox 17 1719 18 1780; x_wconf 35' lang='lat' dir='ltr'><strong>p</strong></span> <span class='ocrx_word' id='word_1_94' title='bbox 112 1693 281 1749; x_wconf 77' lang='lat' dir='ltr'><strong>gnesentque</strong></span> <span class='ocrx_word' id='word_1_95' title='bbox 315 1687 460 1737; x_wconf 86' lang='lat' dir='ltr'><strong>exercitum</strong></span> <span class='ocrx_word' id='word_1_96' title='bbox 494 1691 657 1741; x_wconf 75' lang='lat' dir='ltr'><strong>consularem</strong></span> <span class='ocrx_word' id='word_1_97' title='bbox 697 1691 774 1742; x_wconf 86' lang='lat' dir='ltr'><strong>Rom.</strong></span> 
     </span>
    </p>
   </div>
   <div class='ocr_carea' id='block_1_10' title="bbox 114 1762 1229 2286">
    <p class='ocr_par' dir='ltr' id='par_1_10' title="bbox 114 1762 1229 2060">
     <span class='ocr_line' id='line_1_14' title="bbox 114 1762 1229 1835; baseline 0.011 -26"><span class='ocrx_word' id='word_1_98' title='bbox 114 1769 182 1823; x_wconf 84' lang='lat' dir='ltr'><strong>pust</strong></span> <span class='ocrx_word' id='word_1_99' title='bbox 201 1762 367 1823; x_wconf 69' lang='lat' dir='ltr'><strong>Mucianum,</strong></span> <span class='ocrx_word' id='word_1_100' title='bbox 388 1768 416 1814; x_wconf 87' lang='lat' dir='ltr'><strong>et</strong></span> <span class='ocrx_word' id='word_1_101' title='bbox 440 1773 501 1827; x_wconf 84' lang='lat' dir='ltr'><strong>port</strong></span> <span class='ocrx_word' id='word_1_102' title='bbox 521 1766 657 1816; x_wconf 79' lang='lat' dir='ltr'><strong>victoriam</strong></span> <span class='ocrx_word' id='word_1_103' title='bbox 729 1768 843 1819; x_wconf 72' lang='lat' dir='ltr'><strong>Fonteius</strong></span> <span class='ocrx_word' id='word_1_104' title='bbox 863 1770 984 1835; x_wconf 75' lang='lat' dir='ltr'><strong>Agrippa]</strong></span> <span class='ocrx_word' id='word_1_105' title='bbox 1005 1768 1057 1821; x_wconf 83' lang='lat' dir='ltr'><strong>Hic</strong></span> <span class='ocrx_word' id='word_1_106' title='bbox 1075 1770 1229 1834; x_wconf 79' lang='lat' dir='ltr'><strong>prepositus</strong></span> 
     </span>
     <span class='ocr_line' id='line_1_15' title="bbox 115 1835 1229 1910; baseline 0.011 -26"><span class='ocrx_word' id='word_1_107' title='bbox 115 1835 336 1900; x_wconf 82' lang='lat' dir='ltr'><strong>Cremonensem,</strong></span> <span class='ocrx_word' id='word_1_108' title='bbox 351 1852 410 1888; x_wconf 87' lang='lat' dir='ltr'><strong>eam</strong></span> <span class='ocrx_word' id='word_1_109' title='bbox 420 1838 523 1889; x_wconf 83' lang='lat' dir='ltr'><strong>abunde</strong></span> <span class='ocrx_word' id='word_1_110' title='bbox 535 1849 657 1905; x_wconf 87' lang='lat' dir='ltr'><strong>suppele·</strong></span> <span class='ocrx_word' id='word_1_111' title='bbox 697 1843 800 1896; x_wconf 74' lang='lat' dir='ltr'><strong>Musio</strong></span> <span class='ocrx_word' id='word_1_112' title='bbox 827 1860 843 1895; x_wconf 82' lang='lat' dir='ltr'><strong>n</strong></span> <span class='ocrx_word' id='word_1_113' title='bbox 866 1846 1035 1910; x_wconf 87' lang='lat' dir='ltr'><strong>Vespasiano,</strong></span> <span class='ocrx_word' id='word_1_114' title='bbox 1062 1861 1108 1896; x_wconf 89' lang='lat' dir='ltr'><strong>sen</strong></span> <span class='ocrx_word' id='word_1_115' title='bbox 1135 1852 1229 1910; x_wconf 88' lang='lat' dir='ltr'><strong>sponte</strong></span> 
     </span>
     <span class='ocr_line' id='line_1_16' title="bbox 115 1912 1229 1988; baseline 0.01 -27"><span class='ocrx_word' id='word_1_116' title='bbox 115 1919 181 1961; x_wconf 79' lang='lat' dir='ltr'><strong>rent</strong></span> <span class='ocrx_word' id='word_1_117' title='bbox 201 1912 290 1975; x_wconf 75' lang='lat' dir='ltr'><strong>cupite</strong></span> <span class='ocrx_word' id='word_1_118' title='bbox 312 1915 387 1964; x_wconf 86' lang='lat' dir='ltr'><strong>Rom.</strong></span> <span class='ocrx_word' id='word_1_119' title='bbox 407 1922 436 1965; x_wconf 90' lang='lat' dir='ltr'><strong>et</strong></span> <span class='ocrx_word' id='word_1_120' title='bbox 451 1930 514 1979; x_wconf 89' lang='lat' dir='ltr'><strong>opes</strong></span> <span class='ocrx_word' id='word_1_121' title='bbox 534 1916 657 1967; x_wconf 78' lang='lat' dir='ltr'><strong>adversm</strong></span> <span class='ocrx_word' id='word_1_122' title='bbox 695 1920 762 1983; x_wconf 87' lang='lat' dir='ltr'><strong>ejus,</strong></span> <span class='ocrx_word' id='word_1_123' title='bbox 774 1935 789 1970; x_wconf 84' lang='lat' dir='ltr'><strong>u</strong></span> <span class='ocrx_word' id='word_1_124' title='bbox 801 1922 932 1985; x_wconf 87' lang='lat' dir='ltr'><strong>Muciano,</strong></span> <span class='ocrx_word' id='word_1_125' title='bbox 941 1923 1009 1988; x_wconf 86' lang='lat' dir='ltr'><strong>quod</strong></span> <span class='ocrx_word' id='word_1_126' title='bbox 1021 1922 1090 1972; x_wconf 85' lang='lat' dir='ltr'><strong>idem</strong></span> <span class='ocrx_word' id='word_1_127' title='bbox 1102 1929 1156 1973; x_wconf 87' lang='lat' dir='ltr'><strong>est:</strong></span> <span class='ocrx_word' id='word_1_128' title='bbox 1169 1936 1229 1972; x_wconf 86' lang='lat' dir='ltr'><strong>nam</strong></span> 
     </span>
     <span class='ocr_line' id='line_1_17' title="bbox 115 1985 1228 2060; baseline 0.009 -25"><span class='ocrx_word' id='word_1_129' title='bbox 115 1985 274 2037; x_wconf 78' lang='lat' dir='ltr'><strong>Barbarae?</strong></span> <span class='ocrx_word' id='word_1_130' title='bbox 698 2001 726 2044; x_wconf 88' lang='lat' dir='ltr'><strong>et</strong></span> <span class='ocrx_word' id='word_1_131' title='bbox 744 1995 835 2044; x_wconf 87' lang='lat' dir='ltr'><strong>babuit</strong></span> <span class='ocrx_word' id='word_1_132' title='bbox 846 1996 913 2044; x_wconf 88' lang='lat' dir='ltr'><strong>baud</strong></span> <span class='ocrx_word' id='word_1_133' title='bbox 925 1995 1002 2046; x_wconf 88' lang='lat' dir='ltr'><strong>dubie</strong></span> <span class='ocrx_word' id='word_1_134' title='bbox 1015 1998 1136 2046; x_wconf 82' lang='lat' dir='ltr'><strong>annulum</strong></span> <span class='ocrx_word' id='word_1_135' title='bbox 1156 1996 1228 2060; x_wconf 89' lang='lat' dir='ltr'><strong>prin·</strong></span> 
     </span>
    </p>

    <p class='ocr_par' dir='ltr' id='par_1_11' title="bbox 116 2063 1229 2286">
     <span class='ocr_line' id='line_1_18' title="bbox 151 2063 1228 2133; baseline 0.009 -21"><span class='ocrx_word' id='word_1_136' title='bbox 151 2063 238 2113; x_wconf 79' lang='lat' dir='ltr'><strong>Forte</strong></span> <span class='ocrx_word' id='word_1_137' title='bbox 261 2065 397 2115; x_wconf 74' lang='lat' dir='ltr'><strong>Mucianus</strong></span> <span class='ocrx_word' id='word_1_138' title='bbox 415 2066 506 2116; x_wconf 78' lang='lat' dir='ltr'>advehi</span> <span class='ocrx_word' id='word_1_139' title='bbox 524 2068 609 2131; x_wconf 86' lang='lat' dir='ltr'><strong>potuit</strong></span> <span class='ocrx_word' id='word_1_140' title='bbox 629 2070 657 2118; x_wconf 92' lang='lat' dir='ltr'><strong>in</strong></span> <span class='ocrx_word' id='word_1_141' title='bbox 697 2070 765 2133; x_wconf 89' lang='lat' dir='ltr'><strong>cipis</strong></span> <span class='ocrx_word' id='word_1_142' title='bbox 783 2070 929 2133; x_wconf 83' lang='lat' dir='ltr'><strong>Mucianus,</strong></span> <span class='ocrx_word' id='word_1_143' title='bbox 946 2072 979 2120; x_wconf 83' lang='lat' dir='ltr'><strong>ad</strong></span> <span class='ocrx_word' id='word_1_144' title='bbox 997 2072 1170 2133; x_wconf 68' lang='lat' dir='ltr'><strong>iustumne,</strong></span> <span class='ocrx_word' id='word_1_145' title='bbox 1182 2086 1228 2122; x_wconf 81' lang='lat' dir='ltr'><strong>seu</strong></span> 
     </span>
     <span class='ocr_line' id='line_1_19' title="bbox 116 2137 1229 2211; baseline 0.008 -25"><span class='ocrx_word' id='word_1_146' title='bbox 116 2137 255 2200; x_wconf 74' lang='lat' dir='ltr'><strong>Maesium,</strong></span> <span class='ocrx_word' id='word_1_147' title='bbox 280 2154 339 2189; x_wconf 89' lang='lat' dir='ltr'><strong>cum</strong></span> <span class='ocrx_word' id='word_1_148' title='bbox 363 2144 437 2205; x_wconf 81' lang='lat' dir='ltr'><strong>gravi</strong></span> <span class='ocrx_word' id='word_1_149' title='bbox 457 2144 558 2207; x_wconf 84' lang='lat' dir='ltr'><strong>agmine</strong></span> <span class='ocrx_word' id='word_1_150' title='bbox 576 2144 657 2207; x_wconf 87' lang='lat' dir='ltr'><strong>legio·</strong></span> <span class='ocrx_word' id='word_1_151' title='bbox 697 2146 812 2210; x_wconf 73' lang='lat' dir='ltr'><strong>sphingis</strong></span> <span class='ocrx_word' id='word_1_152' title='bbox 826 2146 992 2210; x_wconf 59' lang='lat' dir='ltr'><strong>Augusteum</strong></span> <span class='ocrx_word' id='word_1_153' title='bbox 1010 2161 1060 2211; x_wconf 87' lang='lat' dir='ltr'><strong>qno</strong></span> <span class='ocrx_word' id='word_1_154' title='bbox 1078 2146 1164 2195; x_wconf 77' lang='lat' dir='ltr'><strong>munio</strong></span> <span class='ocrx_word' id='word_1_155' title='bbox 1182 2146 1229 2196; x_wconf 87' lang='lat' dir='ltr'><strong>im·</strong></span> 
     </span>
     <span class='ocr_line' id='line_1_20' title="bbox 116 2216 1229 2286; baseline 0.009 -25"><span class='ocrx_word' id='word_1_156' title='bbox 116 2220 309 2276; x_wconf 56' lang='lat' dir='ltr'><strong>nummatum</strong></span> <span class='ocrx_word' id='word_1_157' title='bbox 320 2216 391 2265; x_wconf 82' lang='lat' dir='ltr'><strong>circa</strong></span> <span class='ocrx_word' id='word_1_158' title='bbox 406 2216 484 2268; x_wconf 86' lang='lat' dir='ltr'><strong>linem</strong></span> <span class='ocrx_word' id='word_1_159' title='bbox 499 2220 659 2269; x_wconf 85' lang='lat' dir='ltr'><strong>mensisDe·</strong></span> <span class='ocrx_word' id='word_1_160' title='bbox 697 2221 763 2284; x_wconf 92' lang='lat' dir='ltr'><strong>perii</strong></span> <span class='ocrx_word' id='word_1_161' title='bbox 786 2235 833 2284; x_wconf 89' lang='lat' dir='ltr'><strong>pro</strong></span> <span class='ocrx_word' id='word_1_162' title='bbox 852 2221 927 2271; x_wconf 91' lang='lat' dir='ltr'><strong>libito</strong></span> <span class='ocrx_word' id='word_1_163' title='bbox 949 2227 1063 2286; x_wconf 88' lang='lat' dir='ltr'><strong>gereret,</strong></span> <span class='ocrx_word' id='word_1_164' title='bbox 1080 2220 1229 2271; x_wconf 81' lang='lat' dir='ltr'><strong>firmaretve</strong></span> 
     </span>
    </p>
   </div>
   <div class='ocr_carea' id='block_1_11' title="bbox 18 2288 1230 2371">
    <p class='ocr_par' dir='ltr' id='par_1_12' title="bbox 18 2288 1230 2371">
     <span class='ocr_line' id='line_1_21' title="bbox 18 2288 1230 2371; baseline 0.011 -36"><span class='ocrx_word' id='word_1_165' title='bbox 18 2348 19 2371; x_wconf 14' lang='grc' dir='ltr'><em>Χ</em></span> <span class='ocrx_word' id='word_1_166' title='bbox 119 2288 250 2351; x_wconf 72' lang='lat' dir='ltr'><strong>cerebris,</strong></span> <span class='ocrx_word' id='word_1_167' title='bbox 271 2296 300 2339; x_wconf 89' lang='lat' dir='ltr'><strong>et</strong></span> <span class='ocrx_word' id='word_1_168' title='bbox 318 2298 374 2341; x_wconf 90' lang='lat' dir='ltr'><strong>tum</strong></span> <span class='ocrx_word' id='word_1_169' title='bbox 395 2292 433 2341; x_wconf 92' lang='lat' dir='ltr'><strong>ibi</strong></span> <span class='ocrx_word' id='word_1_170' title='bbox 453 2294 597 2344; x_wconf 84' lang='lat' dir='ltr'><strong>instaurare</strong></span> <span class='ocrx_word' id='word_1_171' title='bbox 617 2308 659 2345; x_wconf 80' lang='lat' dir='ltr'><strong>res</strong></span> <span class='ocrx_word' id='word_1_172' title='bbox 676 2353 683 2359; x_wconf 51' lang='grc'><strong>,</strong></span> <span class='ocrx_word' id='word_1_173' title='bbox 692 2296 776 2359; x_wconf 81' lang='lat' dir='ltr'><strong>jussa.</strong></span> <span class='ocrx_word' id='word_1_174' title='bbox 804 2297 964 2361; x_wconf 82' lang='lat' dir='ltr'><strong>Praepositns</strong></span> <span class='ocrx_word' id='word_1_175' title='bbox 975 2305 1015 2348; x_wconf 92' lang='lat' dir='ltr'><strong>est</strong></span> <span class='ocrx_word' id='word_1_176' title='bbox 1027 2297 1151 2347; x_wconf 82' lang='lat' dir='ltr'><strong>Fonteius</strong></span> <span class='ocrx_word' id='word_1_177' title='bbox 1162 2298 1230 2348; x_wconf 83' lang='lat' dir='ltr'><strong>ilite-</strong></span> 
     </span>
    </p>
   </div>
   <div class='ocr_carea' id='block_1_12' title="bbox 117 2364 1230 3112">
    <p class='ocr_par' dir='ltr' id='par_1_13' title="bbox 117 2364 1230 2963">
     <span class='ocr_line' id='line_1_22' title="bbox 118 2364 1229 2436; baseline 0.009 -23"><span class='ocrx_word' id='word_1_178' title='bbox 118 2364 266 2415; x_wconf 74' lang='lat' dir='ltr'><strong>Romanu.</strong></span> <span class='ocrx_word' id='word_1_179' title='bbox 295 2365 333 2415; x_wconf 83' lang='grc' dir='ltr'><strong>Αι</strong></span> <span class='ocrx_word' id='word_1_180' title='bbox 348 2368 481 2431; x_wconf 90' lang='lat' dir='ltr'><strong>Fonteius,</strong></span> <span class='ocrx_word' id='word_1_181' title='bbox 490 2382 548 2417; x_wconf 86' lang='lat' dir='ltr'><strong>cum</strong></span> <span class='ocrx_word' id='word_1_182' title='bbox 560 2375 659 2420; x_wconf 85' lang='lat' dir='ltr'><strong>metue·</strong></span> <span class='ocrx_word' id='word_1_183' title='bbox 697 2372 1229 2436; x_wconf 79' lang='lat' dir='ltr'><strong>rioe‚‘a‹lditiscopiiseVitelliauoexer·</strong></span> 
     </span>
     <span class='ocr_line' id='line_1_23' title="bbox 117 2442 1230 2514; baseline 0.012 -25"><span class='ocrx_word' id='word_1_184' title='bbox 117 2448 184 2491; x_wconf 84' lang='lat' dir='ltr'><strong>rent</strong></span> <span class='ocrx_word' id='word_1_185' title='bbox 204 2442 325 2492; x_wconf 79' lang='lat' dir='ltr'><strong>Flaviani</strong></span> <span class='ocrx_word' id='word_1_186' title='bbox 342 2445 474 2513; x_wconf 68' lang='lat' dir='ltr'><strong>precipue</strong></span> <span class='ocrx_word' id='word_1_187' title='bbox 501 2451 528 2495; x_wconf 86' lang='lat' dir='ltr'><strong>et</strong></span> <span class='ocrx_word' id='word_1_188' title='bbox 544 2446 658 2510; x_wconf 74' lang='lat' dir='ltr'><strong>legiones</strong></span> <span class='ocrx_word' id='word_1_189' title='bbox 698 2448 770 2509; x_wconf 88' lang='lat' dir='ltr'><strong>citn,&#39;</strong></span> <span class='ocrx_word' id='word_1_190' title='bbox 790 2464 847 2514; x_wconf 83' lang='lat' dir='ltr'><strong>quae</strong></span> <span class='ocrx_word' id='word_1_191' title='bbox 870 2450 926 2501; x_wconf 87' lang='lat' dir='ltr'><strong>scil.</strong></span> <span class='ocrx_word' id='word_1_192' title='bbox 946 2452 1035 2513; x_wconf 72' lang='lat' dir='ltr'><strong>prelio</strong></span> <span class='ocrx_word' id='word_1_193' title='bbox 1062 2450 1230 2501; x_wconf 78' lang='lat' dir='ltr'><strong>Cremonensi</strong></span> 
     </span>
     <span class='ocr_line' id='line_1_24' title="bbox 118 2517 1230 2590; baseline 0.006 -23"><span class='ocrx_word' id='word_1_194' title='bbox 118 2517 246 2567; x_wconf 74' lang='lat' dir='ltr'><strong>Marsicae</strong></span> <span class='ocrx_word' id='word_1_195' title='bbox 261 2519 316 2567; x_wconf 91' lang='lat' dir='ltr'><strong>suis</strong></span> <span class='ocrx_word' id='word_1_196' title='bbox 334 2519 659 2584; x_wconf 84' lang='lat' dir='ltr'><strong>castrisliioesicis,stutirn</strong></span> <span class='ocrx_word' id='word_1_197' title='bbox 698 2522 777 2573; x_wconf 70' lang='lat' dir='ltr'><strong>ricta</strong></span> <span class='ocrx_word' id='word_1_198' title='bbox 805 2534 894 2587; x_wconf 81' lang='lat' dir='ltr'><strong>erant3</strong></span> <span class='ocrx_word' id='word_1_199' title='bbox 930 2540 991 2589; x_wconf 86' lang='lat' dir='ltr'><strong>ergo</strong></span> <span class='ocrx_word' id='word_1_200' title='bbox 1011 2526 1084 2590; x_wconf 83' lang='lat' dir='ltr'><strong>jussu</strong></span> <span class='ocrx_word' id='word_1_201' title='bbox 1111 2525 1230 2574; x_wconf 77' lang='lat' dir='ltr'><strong>Floriani</strong></span> 
     </span>
     <span class='ocr_line' id='line_1_25' title="bbox 118 2592 1230 2663; baseline 0.005 -20"><span class='ocrx_word' id='word_1_202' title='bbox 118 2592 218 2643; x_wconf 79' lang='lat' dir='ltr'><strong>missus</strong></span> <span class='ocrx_word' id='word_1_203' title='bbox 239 2594 302 2657; x_wconf 82' lang='lat' dir='ltr'><strong>tuit,</strong></span> <span class='ocrx_word' id='word_1_204' title='bbox 324 2602 354 2645; x_wconf 90' lang='grc' dir='ltr'><strong>ιιι</strong></span> <span class='ocrx_word' id='word_1_205' title='bbox 381 2597 506 2660; x_wconf 82' lang='lat' dir='ltr'><strong>conjicere</strong></span> <span class='ocrx_word' id='word_1_206' title='bbox 528 2604 577 2658; x_wconf 89' lang='lat' dir='ltr'><strong>est,</strong></span> <span class='ocrx_word' id='word_1_207' title='bbox 599 2604 659 2660; x_wconf 90' lang='lat' dir='ltr'><strong>post</strong></span> <span class='ocrx_word' id='word_1_208' title='bbox 699 2598 869 2663; x_wconf 81' lang='lat' dir='ltr'><strong>principatus.</strong></span> <span class='ocrx_word' id='word_1_209' title='bbox 902 2600 954 2649; x_wconf 82' lang='lat' dir='ltr'><strong>Sed</strong></span> <span class='ocrx_word' id='word_1_210' title='bbox 973 2602 1066 2647; x_wconf 90' lang='lat' dir='ltr'><strong>ruirum</strong></span> <span class='ocrx_word' id='word_1_211' title='bbox 1086 2604 1136 2661; x_wconf 87' lang='lat' dir='ltr'><strong>eet,</strong></span> <span class='ocrx_word' id='word_1_212' title='bbox 1158 2597 1230 2661; x_wconf 79' lang='lat' dir='ltr'><strong>quoti</strong></span> 
     </span>
     <span class='ocr_line' id='line_1_26' title="bbox 118 2669 1229 2739; baseline 0.005 -22"><span class='ocrx_word' id='word_1_213' title='bbox 118 2682 240 2733; x_wconf 74' lang='lat' dir='ltr'><strong>pugnam</strong></span> <span class='ocrx_word' id='word_1_214' title='bbox 255 2670 465 2731; x_wconf 83' lang='lat' dir='ltr'><strong>Cremonensem,</strong></span> <span class='ocrx_word' id='word_1_215' title='bbox 483 2669 598 2721; x_wconf 87' lang='lat' dir='ltr'><strong>‘additis</strong></span> <span class='ocrx_word' id='word_1_216' title='bbox 615 2686 658 2719; x_wconf 92' lang='lat' dir='ltr'><strong>co·</strong></span> <span class='ocrx_word' id='word_1_217' title='bbox 697 2674 774 2721; x_wconf 85' lang='lat' dir='ltr'><strong>sileat</strong></span> <span class='ocrx_word' id='word_1_218' title='bbox 790 2673 895 2739; x_wconf 45' lang='lat' dir='ltr'><strong>&amp;scitus</strong></span> <span class='ocrx_word' id='word_1_219' title='bbox 914 2673 947 2721; x_wconf 81' lang='lat' dir='ltr'><strong>sle</strong></span> <span class='ocrx_word' id='word_1_220' title='bbox 963 2672 1073 2722; x_wconf 79' lang='lat' dir='ltr'><strong>Fonteio</strong></span> <span class='ocrx_word' id='word_1_221' title='bbox 1091 2670 1229 2735; x_wconf 88' lang='lat' dir='ltr'><strong>profligato</strong></span> 
     </span>
     <span class='ocr_line' id='line_1_27' title="bbox 120 2744 1229 2810; baseline 0.002 -15"><span class='ocrx_word' id='word_1_222' title='bbox 120 2744 175 2809; x_wconf 85' lang='lat' dir='ltr'><strong>piis</strong></span> <span class='ocrx_word' id='word_1_223' title='bbox 186 2744 353 2795; x_wconf 79' lang='lat' dir='ltr'><strong>evitelllanu</strong></span> <span class='ocrx_word' id='word_1_224' title='bbox 364 2744 491 2809; x_wconf 77' lang='lat' dir='ltr'><strong>exercitu,</strong></span> <span class='ocrx_word' id='word_1_225' title='bbox 501 2760 576 2809; x_wconf 90' lang='lat' dir='ltr'><strong>quem</strong></span> <span class='ocrx_word' id='word_1_226' title='bbox 586 2760 658 2810; x_wconf 89' lang='lat' dir='ltr'><strong>spar-</strong></span> <span class='ocrx_word' id='word_1_227' title='bbox 699 2762 715 2796; x_wconf 86' lang='lat' dir='ltr'><strong>a</strong></span> <span class='ocrx_word' id='word_1_228' title='bbox 729 2746 817 2810; x_wconf 84' lang='lat' dir='ltr'><strong>Dacis,</strong></span> <span class='ocrx_word' id='word_1_229' title='bbox 834 2756 861 2797; x_wconf 90' lang='lat' dir='ltr'><strong>et</strong></span> <span class='ocrx_word' id='word_1_230' title='bbox 877 2745 1027 2795; x_wconf 82' lang='lat' dir='ltr'><strong>interfecto.</strong></span> <span class='ocrx_word' id='word_1_231' title='bbox 1059 2746 1229 2797; x_wconf 85' lang='lat' dir='ltr'><strong>Verisimilius</strong></span> 
     </span>
     <span class='ocr_line' id='line_1_28' title="bbox 121 2818 1230 2886; baseline 0.001 -17"><span class='ocrx_word' id='word_1_232' title='bbox 121 2820 150 2885; x_wconf 88' lang='lat' dir='ltr'><strong>gi</strong></span> <span class='ocrx_word' id='word_1_233' title='bbox 171 2835 224 2885; x_wconf 83' lang='lat' dir='ltr'><strong>per</strong></span> <span class='ocrx_word' id='word_1_234' title='bbox 241 2821 396 2886; x_wconf 78' lang='lat' dir='ltr'><strong>provincias,</strong></span> <span class='ocrx_word' id='word_1_235' title='bbox 415 2828 444 2871; x_wconf 94' lang='lat' dir='ltr'><strong>et</strong></span> <span class='ocrx_word' id='word_1_236' title='bbox 459 2827 569 2871; x_wconf 87' lang='lat' dir='ltr'><strong>externo</strong></span> <span class='ocrx_word' id='word_1_237' title='bbox 588 2822 658 2872; x_wconf 88' lang='lat' dir='ltr'><strong>bello</strong></span> <span class='ocrx_word' id='word_1_238' title='bbox 698 2827 784 2871; x_wconf 85' lang='lat' dir='ltr'><strong>tamen</strong></span> <span class='ocrx_word' id='word_1_239' title='bbox 799 2827 841 2871; x_wconf 87' lang='lat' dir='ltr'><strong>est</strong></span> <span class='ocrx_word' id='word_1_240' title='bbox 858 2822 953 2871; x_wconf 82' lang='lat' dir='ltr'><strong>uictum</strong></span> <span class='ocrx_word' id='word_1_241' title='bbox 971 2818 1049 2869; x_wconf 78' lang='lat' dir='ltr'><strong>luisse</strong></span> <span class='ocrx_word' id='word_1_242' title='bbox 1069 2819 1161 2869; x_wconf 87' lang='lat' dir='ltr'><strong>ducem</strong></span> <span class='ocrx_word' id='word_1_243' title='bbox 1179 2822 1230 2870; x_wconf 84' lang='lat' dir='ltr'><strong>Ro·</strong></span> 
     </span>
     <span class='ocr_line' id='line_1_29' title="bbox 121 2895 1229 2963; baseline 0 -18"><span class='ocrx_word' id='word_1_244' title='bbox 121 2896 231 2961; x_wconf 75' lang='lat' dir='ltr'><strong>illigari,</strong></span> <span class='ocrx_word' id='word_1_245' title='bbox 241 2912 300 2961; x_wconf 82' lang='lat' dir='ltr'><strong>pars</strong></span> <span class='ocrx_word' id='word_1_246' title='bbox 310 2898 411 2946; x_wconf 85' lang='lat' dir='ltr'><strong>consilii</strong></span> <span class='ocrx_word' id='word_1_247' title='bbox 422 2898 545 2963; x_wconf 75' lang='lat' dir='ltr'><strong>pacisque</strong></span> <span class='ocrx_word' id='word_1_248' title='bbox 556 2900 631 2948; x_wconf 67' lang='lat' dir='ltr'><strong>erat!</strong></span> <span class='ocrx_word' id='word_1_249' title='bbox 697 2912 808 2957; x_wconf 83' lang='lat' dir='ltr'><strong>manum,</strong></span> <span class='ocrx_word' id='word_1_250' title='bbox 819 2911 877 2946; x_wconf 87' lang='lat' dir='ltr'><strong>cum</strong></span> <span class='ocrx_word' id='word_1_251' title='bbox 890 2896 946 2959; x_wconf 86' lang='lat' dir='ltr'><strong>jam</strong></span> <span class='ocrx_word' id='word_1_252' title='bbox 963 2900 1060 2959; x_wconf 61' lang='lat' dir='ltr'><strong>uroque</strong></span> <span class='ocrx_word' id='word_1_253' title='bbox 1074 2895 1129 2957; x_wconf 79' lang='lat' dir='ltr'><strong>ripn</strong></span> <span class='ocrx_word' id='word_1_254' title='bbox 1139 2896 1229 2945; x_wconf 85' lang='lat' dir='ltr'><strong>Danu·</strong></span> 
     </span>
    </p>

    <p class='ocr_par' dir='ltr' id='par_1_14' title="bbox 122 2971 1229 3112">
     <span class='ocr_line' id='line_1_30' title="bbox 156 2971 1229 3037; baseline 0.002 -16"><span class='ocrx_word' id='word_1_255' title='bbox 156 2972 229 3021; x_wconf 76' lang='lat' dir='ltr'><strong>Duae</strong></span> <span class='ocrx_word' id='word_1_256' title='bbox 242 2986 285 3022; x_wconf 89' lang='lat' dir='ltr'><strong>res</strong></span> <span class='ocrx_word' id='word_1_257' title='bbox 303 2978 359 3022; x_wconf 91' lang='lat' dir='ltr'><strong>tum</strong></span> <span class='ocrx_word' id='word_1_258' title='bbox 376 2972 450 3021; x_wconf 81' lang='lat' dir='ltr'><strong>valde</strong></span> <span class='ocrx_word' id='word_1_259' title='bbox 461 2973 596 3037; x_wconf 84' lang='lat' dir='ltr'><strong>urgebant,</strong></span> <span class='ocrx_word' id='word_1_260' title='bbox 606 2973 659 3023; x_wconf 88' lang='lat' dir='ltr'><strong>bel·</strong></span> <span class='ocrx_word' id='word_1_261' title='bbox 699 2973 737 3022; x_wconf 92' lang='lat' dir='ltr'><strong>bii</strong></span> <span class='ocrx_word' id='word_1_262' title='bbox 758 2972 903 3037; x_wconf 81' lang='lat' dir='ltr'><strong>potirentur</strong></span> <span class='ocrx_word' id='word_1_263' title='bbox 925 2971 1003 3034; x_wconf 83' lang='lat' dir='ltr'><strong>Deci,</strong></span> <span class='ocrx_word' id='word_1_264' title='bbox 1023 2977 1051 3029; x_wconf 85' lang='lat' dir='ltr'><strong>et</strong></span> <span class='ocrx_word' id='word_1_265' title='bbox 1069 2972 1229 3023; x_wconf 82' lang='lat' dir='ltr'><strong>succurrisse</strong></span> 
     </span>
     <span class='ocr_line' id='line_1_31' title="bbox 122 3046 1229 3112; baseline -0.001 -15"><span class='ocrx_word' id='word_1_266' title='bbox 122 3047 178 3097; x_wconf 75' lang='lat' dir='ltr'><strong>lu</strong></span> <span class='ocrx_word' id='word_1_267' title='bbox 188 3049 334 3110; x_wconf 79' lang='lat' dir='ltr'><strong>Dacorum,</strong></span> <span class='ocrx_word' id='word_1_268' title='bbox 343 3054 371 3097; x_wconf 86' lang='lat' dir='ltr'><strong>et</strong></span> <span class='ocrx_word' id='word_1_269' title='bbox 386 3062 437 3112; x_wconf 88' lang='lat' dir='ltr'><strong>pax</strong></span> <span class='ocrx_word' id='word_1_270' title='bbox 448 3049 604 3099; x_wconf 85' lang='lat' dir='ltr'><strong>discordium</strong></span> <span class='ocrx_word' id='word_1_271' title='bbox 621 3050 658 3099; x_wconf 91' lang='lat' dir='ltr'><strong>le·</strong></span> <span class='ocrx_word' id='word_1_272' title='bbox 698 3048 724 3097; x_wconf 92' lang='lat' dir='ltr'><strong>in</strong></span> <span class='ocrx_word' id='word_1_273' title='bbox 732 3054 849 3111; x_wconf 88' lang='lat' dir='ltr'><strong>tempore</strong></span> <span class='ocrx_word' id='word_1_274' title='bbox 858 3047 1003 3111; x_wconf 77' lang='lat' dir='ltr'><strong>legionibus</strong></span> <span class='ocrx_word' id='word_1_275' title='bbox 1011 3047 1151 3112; x_wconf 73' lang='lat' dir='ltr'><strong>antrisque</strong></span> <span class='ocrx_word' id='word_1_276' title='bbox 1162 3046 1229 3097; x_wconf 75' lang='lat' dir='ltr'><strong>Me·</strong></span> 
     </span>
    </p>
   </div>
   <div class='ocr_carea' id='block_1_13' title="bbox 19 3122 1230 3189">
    <p class='ocr_par' dir='ltr' id='par_1_15' title="bbox 19 3122 1230 3189">
     <span class='ocr_line' id='line_1_32' title="bbox 19 3122 1230 3189; baseline 0.002 -16"><span class='ocrx_word' id='word_1_277' title='bbox 19 3135 20 3152; x_wconf 65' lang='lat'>¹</span> <span class='ocrx_word' id='word_1_278' title='bbox 125 3124 251 3188; x_wconf 80' lang='lat' dir='ltr'><strong>ginnunr;</strong></span> <span class='ocrx_word' id='word_1_279' title='bbox 270 3138 359 3189; x_wconf 86' lang='lat' dir='ltr'><strong>pugna</strong></span> <span class='ocrx_word' id='word_1_280' title='bbox 381 3131 466 3173; x_wconf 88' lang='lat' dir='ltr'><strong>sutem</strong></span> <span class='ocrx_word' id='word_1_281' title='bbox 479 3126 659 3175; x_wconf 87' lang='lat' dir='ltr'><strong>Cremonensis</strong></span> <span class='ocrx_word' id='word_1_282' title='bbox 699 3124 760 3173; x_wconf 85' lang='lat' dir='ltr'><strong>sicis</strong></span> <span class='ocrx_word' id='word_1_283' title='bbox 779 3124 937 3187; x_wconf 87' lang='lat' dir='ltr'><strong>Mucianum,</strong></span> <span class='ocrx_word' id='word_1_284' title='bbox 948 3138 1005 3173; x_wconf 90' lang='lat' dir='ltr'><strong>cnm</strong></span> <span class='ocrx_word' id='word_1_285' title='bbox 1024 3130 1099 3172; x_wconf 85' lang='lat' dir='ltr'><strong>sexta</strong></span> <span class='ocrx_word' id='word_1_286' title='bbox 1118 3122 1230 3187; x_wconf 82' lang='lat' dir='ltr'><strong>legione.</strong></span> 
     </span>
    </p>
   </div>
   <div class='ocr_carea' id='block_1_14' title="bbox 125 3199 1229 3343">
    <p class='ocr_par' dir='ltr' id='par_1_16' title="bbox 125 3199 1229 3343">
     <span class='ocr_line' id='line_1_33' title="bbox 125 3199 1229 3265; baseline -0.002 -15"><span class='ocrx_word' id='word_1_287' title='bbox 125 3201 265 3251; x_wconf 65' lang='lat' dir='ltr'><strong>ammian</strong></span> <span class='ocrx_word' id='word_1_288' title='bbox 284 3209 398 3251; x_wconf 81' lang='lat' dir='ltr'><strong>exeunte</strong></span> <span class='ocrx_word' id='word_1_289' title='bbox 411 3201 533 3252; x_wconf 85' lang='lat' dir='ltr'><strong>Octobri.</strong></span> <span class='ocrx_word' id='word_1_290' title='bbox 566 3202 660 3265; x_wconf 78' lang='lat' dir='ltr'><strong>ltaque</strong></span> <span class='ocrx_word' id='word_1_291' title='bbox 699 3199 759 3249; x_wconf 80' lang='lat' dir='ltr'><strong>Hoc</strong></span> <span class='ocrx_word' id='word_1_292' title='bbox 771 3200 881 3263; x_wconf 89' lang='lat' dir='ltr'><strong>contigit</strong></span> <span class='ocrx_word' id='word_1_293' title='bbox 898 3201 968 3248; x_wconf 90' lang='lat' dir='ltr'><strong>circa</strong></span> <span class='ocrx_word' id='word_1_294' title='bbox 985 3212 1097 3247; x_wconf 85' lang='lat' dir='ltr'><strong>mensem</strong></span> <span class='ocrx_word' id='word_1_295' title='bbox 1115 3200 1229 3248; x_wconf 90' lang='lat' dir='ltr'><strong>Decem-</strong></span> 
     </span>
     <span class='ocr_line' id='line_1_34' title="bbox 126 3272 1229 3343; baseline -0.003 -15"><span class='ocrx_word' id='word_1_296' title='bbox 126 3278 216 3341; x_wconf 84' lang='lat' dir='ltr'><strong>potnit</strong></span> <span class='ocrx_word' id='word_1_297' title='bbox 235 3278 360 3327; x_wconf 86' lang='lat' dir='ltr'><strong>Fonteius</strong></span> <span class='ocrx_word' id='word_1_298' title='bbox 372 3277 466 3328; x_wconf 81' lang='lat' dir='ltr'><strong>usdrebi</strong></span> <span class='ocrx_word' id='word_1_299' title='bbox 484 3292 543 3327; x_wconf 87' lang='lat' dir='ltr'><strong>cum</strong></span> <span class='ocrx_word' id='word_1_300' title='bbox 555 3278 661 3343; x_wconf 88' lang='lat' dir='ltr'><strong>legioni-</strong></span> <span class='ocrx_word' id='word_1_301' title='bbox 700 3273 782 3335; x_wconf 85' lang='lat' dir='ltr'><strong>brem,</strong></span> <span class='ocrx_word' id='word_1_302' title='bbox 793 3288 842 3338; x_wconf 91' lang='lat' dir='ltr'><strong>quo</strong></span> <span class='ocrx_word' id='word_1_303' title='bbox 862 3272 930 3324; x_wconf 84' lang='lat' dir='ltr'><strong>forte</strong></span> <span class='ocrx_word' id='word_1_304' title='bbox 948 3274 1005 3337; x_wconf 89' lang='lat' dir='ltr'><strong>jam</strong></span> <span class='ocrx_word' id='word_1_305' title='bbox 1023 3273 1156 3324; x_wconf 81' lang='lat' dir='ltr'><strong>Danubius</strong></span> <span class='ocrx_word' id='word_1_306' title='bbox 1168 3276 1229 3337; x_wconf 89' lang='lat' dir='ltr'><strong>gelu</strong></span> 
     </span>
    </p>
   </div>
   <div class='ocr_carea' id='block_1_15' title="bbox 18 3347 1231 3414">
    <p class='ocr_par' dir='ltr' id='par_1_17' title="bbox 18 3347 1231 3414">
     <span class='ocr_line' id='line_1_35' title="bbox 18 3347 1231 3414; baseline 0.005 -21"><span class='ocrx_word' id='word_1_307' title='bbox 18 3385 19 3393; x_wconf 71' lang='grc'>,</span> <span class='ocrx_word' id='word_1_308' title='bbox 126 3353 175 3402; x_wconf 71' lang='grc' dir='ltr'><strong>ιι..</strong></span> <span class='ocrx_word' id='word_1_309' title='bbox 192 3353 341 3402; x_wconf 55' lang='lat' dir='ltr'><strong>vitellianis</strong></span> <span class='ocrx_word' id='word_1_310' title='bbox 359 3368 392 3402; x_wconf 58' lang='grc' dir='ltr'><strong>οι</strong></span> <span class='ocrx_word' id='word_1_311' title='bbox 404 3353 660 3414; x_wconf 61' lang='lat' dir='ltr'><strong>lutitianorum,</strong></span> <span class='ocrx_word' id='word_1_312' title='bbox 699 3350 795 3411; x_wconf 85' lang='lat' dir='ltr'><strong>rigens,</strong></span> <span class='ocrx_word' id='word_1_313' title='bbox 814 3356 897 3411; x_wconf 89' lang='lat' dir='ltr'><strong>ponte</strong></span> <span class='ocrx_word' id='word_1_314' title='bbox 917 3349 968 3399; x_wconf 85' lang='lat' dir='ltr'><strong>ulio</strong></span> <span class='ocrx_word' id='word_1_315' title='bbox 988 3362 1039 3397; x_wconf 86' lang='lat' dir='ltr'><strong>non</strong></span> <span class='ocrx_word' id='word_1_316' title='bbox 1053 3347 1192 3413; x_wconf 85' lang='lat' dir='ltr'><strong>indigeret,</strong></span> <span class='ocrx_word' id='word_1_317' title='bbox 1202 3354 1231 3400; x_wconf 89' lang='lat' dir='ltr'><strong>et</strong></span> 
     </span>
    </p>
   </div>
   <div class='ocr_carea' id='block_1_16' title="bbox 126 3422 1231 3568">
    <p class='ocr_par' dir='ltr' id='par_1_18' title="bbox 126 3422 1231 3568">
     <span class='ocr_line' id='line_1_36' title="bbox 126 3422 1186 3492; baseline -0.001 -16"><span class='ocrx_word' id='word_1_318' title='bbox 126 3428 221 3491; x_wconf 74' lang='lat' dir='ltr'><strong>mins,</strong></span> <span class='ocrx_word' id='word_1_319' title='bbox 241 3430 313 3479; x_wconf 81' lang='lat' dir='ltr'><strong>circa</strong></span> <span class='ocrx_word' id='word_1_320' title='bbox 340 3428 417 3477; x_wconf 80' lang='lat' dir='ltr'><strong>finem</strong></span> <span class='ocrx_word' id='word_1_321' title='bbox 441 3429 605 3492; x_wconf 76' lang='lat' dir='ltr'><strong>Novembris,</strong></span> <span class='ocrx_word' id='word_1_322' title='bbox 632 3435 661 3479; x_wconf 75' lang='lat' dir='ltr'><strong>et</strong></span> <span class='ocrx_word' id='word_1_323' title='bbox 699 3439 751 3489; x_wconf 85' lang='lat' dir='ltr'><strong>quo</strong></span> <span class='ocrx_word' id='word_1_324' title='bbox 762 3423 840 3473; x_wconf 77' lang='lat' dir='ltr'><strong>facile</strong></span> <span class='ocrx_word' id='word_1_325' title='bbox 851 3425 1056 3474; x_wconf 84' lang='lat' dir='ltr'><strong>transmitterent</strong></span> <span class='ocrx_word' id='word_1_326' title='bbox 1067 3422 1186 3475; x_wconf 82' lang='lat' dir='ltr'><strong>Barbari.</strong></span> 
     </span>
     <span class='ocr_line' id='line_1_37' title="bbox 126 3498 1231 3568; baseline -0.003 -13"><span class='ocrx_word' id='word_1_327' title='bbox 126 3505 258 3568; x_wconf 69' lang='lat' dir='ltr'><strong>provenit</strong></span> <span class='ocrx_word' id='word_1_328' title='bbox 267 3504 334 3554; x_wconf 78' lang='lat' dir='ltr'><strong>haud</strong></span> <span class='ocrx_word' id='word_1_329' title='bbox 345 3504 424 3552; x_wconf 83' lang='lat' dir='ltr'><strong>dubie</strong></span> <span class='ocrx_word' id='word_1_330' title='bbox 433 3504 591 3554; x_wconf 81' lang='lat' dir='ltr'><strong>Mucianum.</strong></span> <span class='ocrx_word' id='word_1_331' title='bbox 606 3504 660 3553; x_wconf 78' lang='lat' dir='ltr'><strong>flic-</strong></span> <span class='ocrx_word' id='word_1_332' title='bbox 733 3500 846 3549; x_wconf 79' lang='lat' dir='ltr'><strong>Fonteius</strong></span> <span class='ocrx_word' id='word_1_333' title='bbox 856 3498 976 3565; x_wconf 78' lang='lat' dir='ltr'><strong>Agrippa]</strong></span> <span class='ocrx_word' id='word_1_334' title='bbox 992 3500 1030 3549; x_wconf 86' lang='lat' dir='ltr'><strong>Ut</strong></span> <span class='ocrx_word' id='word_1_335' title='bbox 1046 3507 1134 3549; x_wconf 88' lang='lat' dir='ltr'><strong>narrat</strong></span> <span class='ocrx_word' id='word_1_336' title='bbox 1152 3499 1231 3552; x_wconf 69' lang='lat' dir='ltr'><strong>Taci-</strong></span> 
     </span>
    </p>
   </div>
   <div class='ocr_carea' id='block_1_17' title="bbox 17 3571 1232 3798">
    <p class='ocr_par' dir='ltr' id='par_1_19' title="bbox 17 3571 1232 3798">
     <span class='ocr_line' id='line_1_38' title="bbox 18 3571 1232 3644; baseline 0 -16"><span class='ocrx_word' id='word_1_337' title='bbox 18 3571 19 3581; x_wconf 70' lang='grc'>’</span> <span class='ocrx_word' id='word_1_338' title='bbox 127 3594 179 3644; x_wconf 76' lang='lat' dir='ltr'><strong>qne</strong></span> <span class='ocrx_word' id='word_1_339' title='bbox 190 3578 261 3629; x_wconf 80' lang='lat' dir='ltr'><strong>vinci</strong></span> <span class='ocrx_word' id='word_1_340' title='bbox 273 3580 358 3642; x_wconf 89' lang='lat' dir='ltr'><strong>potuit</strong></span> <span class='ocrx_word' id='word_1_341' title='bbox 368 3594 383 3629; x_wconf 88' lang='lat' dir='ltr'><strong>n</strong></span> <span class='ocrx_word' id='word_1_342' title='bbox 393 3580 484 3640; x_wconf 83' lang='lat' dir='ltr'><strong>Dacis,</strong></span> <span class='ocrx_word' id='word_1_343' title='bbox 496 3594 554 3628; x_wconf 89' lang='lat' dir='ltr'><strong>cum</strong></span> <span class='ocrx_word' id='word_1_344' title='bbox 563 3586 660 3629; x_wconf 84' lang='lat' dir='ltr'><strong>utram-</strong></span> <span class='ocrx_word' id='word_1_345' title='bbox 700 3582 753 3637; x_wconf 86' lang='lat' dir='ltr'><strong>tus,</strong></span> <span class='ocrx_word' id='word_1_346' title='bbox 769 3576 903 3636; x_wconf 89' lang='lat' dir='ltr'><strong>impositus</strong></span> <span class='ocrx_word' id='word_1_347' title='bbox 924 3576 1026 3631; x_wconf 78' lang='lat' dir='ltr'><strong>Moesiae</strong></span> <span class='ocrx_word' id='word_1_348' title='bbox 1048 3576 1150 3626; x_wconf 84' lang='lat' dir='ltr'><strong>videtur</strong></span> <span class='ocrx_word' id='word_1_349' title='bbox 1167 3576 1232 3628; x_wconf 86' lang='lat' dir='ltr'><strong>Fou-</strong></span> 
     </span>
     <span class='ocr_line' id='line_1_39' title="bbox 17 3649 1231 3721; baseline -0.002 -16"><span class='ocrx_word' id='word_1_350' title='bbox 17 3649 18 3652; x_wconf 62' lang='grc'>’</span> <span class='ocrx_word' id='word_1_351' title='bbox 127 3670 178 3719; x_wconf 81' lang='lat' dir='ltr'><strong>qne</strong></span> <span class='ocrx_word' id='word_1_352' title='bbox 185 3656 271 3719; x_wconf 84' lang='lat' dir='ltr'><strong>ripam</strong></span> <span class='ocrx_word' id='word_1_353' title='bbox 281 3653 393 3704; x_wconf 82' lang='lat' dir='ltr'><strong>fluminis</strong></span> <span class='ocrx_word' id='word_1_354' title='bbox 400 3660 569 3719; x_wconf 86' lang='lat' dir='ltr'><strong>occuparunt,</strong></span> <span class='ocrx_word' id='word_1_355' title='bbox 578 3655 661 3719; x_wconf 78' lang='lat' dir='ltr'><strong>priui-</strong></span> <span class='ocrx_word' id='word_1_356' title='bbox 701 3651 768 3700; x_wconf 87' lang='lat' dir='ltr'><strong>teins</strong></span> <span class='ocrx_word' id='word_1_357' title='bbox 777 3659 835 3714; x_wconf 86' lang='lat' dir='ltr'><strong>post</strong></span> <span class='ocrx_word' id='word_1_358' title='bbox 845 3652 984 3703; x_wconf 83' lang='lat' dir='ltr'><strong>adventum</strong></span> <span class='ocrx_word' id='word_1_359' title='bbox 994 3652 1124 3713; x_wconf 77' lang='lat' dir='ltr'><strong>Muciani3</strong></span> <span class='ocrx_word' id='word_1_360' title='bbox 1140 3653 1231 3721; x_wconf 83' lang='lat' dir='ltr'><strong>itaque</strong></span> 
     </span>
     <span class='ocr_line' id='line_1_40' title="bbox 18 3725 1232 3798; baseline -0.002 -18"><span class='ocrx_word' id='word_1_361' title='bbox 18 3761 19 3768; x_wconf 29' lang='grc' dir='ltr'><strong>ι</strong></span> <span class='ocrx_word' id='word_1_362' title='bbox 128 3744 205 3798; x_wconf 81' lang='lat' dir='ltr'><strong>qnam</strong></span> <span class='ocrx_word' id='word_1_363' title='bbox 216 3730 373 3780; x_wconf 74' lang='lat' dir='ltr'><strong>adventaret</strong></span> <span class='ocrx_word' id='word_1_364' title='bbox 386 3730 528 3782; x_wconf 76' lang='lat' dir='ltr'><strong>Muciatius.</strong></span> <span class='ocrx_word' id='word_1_365' title='bbox 700 3736 728 3776; x_wconf 90' lang='lat' dir='ltr'><strong>et</strong></span> <span class='ocrx_word' id='word_1_366' title='bbox 739 3725 890 3791; x_wconf 83' lang='lat' dir='ltr'><strong>profligatus</strong></span> <span class='ocrx_word' id='word_1_367' title='bbox 900 3728 960 3790; x_wconf 89' lang='lat' dir='ltr'><strong>erit,</strong></span> <span class='ocrx_word' id='word_1_368' title='bbox 971 3728 993 3777; x_wconf 87' lang='lat' dir='ltr'><strong>si</strong></span> <span class='ocrx_word' id='word_1_369' title='bbox 1005 3743 1066 3779; x_wconf 82' lang='lat' dir='ltr'><strong>rere</strong></span> <span class='ocrx_word' id='word_1_370' title='bbox 1080 3726 1232 3793; x_wconf 83' lang='lat' dir='ltr'><strong>profligatus</strong></span> 
     </span>
    </p>
   </div>
   <div class='ocr_carea' id='block_1_18' title="bbox 128 3801 1233 4254">
    <p class='ocr_par' dir='ltr' id='par_1_20' title="bbox 128 3801 1233 4254">
     <span class='ocr_line' id='line_1_41' title="bbox 160 3801 1230 3871; baseline 0 -20"><span class='ocrx_word' id='word_1_371' title='bbox 160 3810 242 3859; x_wconf 75' lang='lat' dir='ltr'><strong>Forte</strong></span> <span class='ocrx_word' id='word_1_372' title='bbox 260 3808 381 3857; x_wconf 66' lang='lat' dir='ltr'><strong>veniebat</strong></span> <span class='ocrx_word' id='word_1_373' title='bbox 402 3822 435 3855; x_wconf 75' lang='lat' dir='ltr'><strong>ex</strong></span> <span class='ocrx_word' id='word_1_374' title='bbox 453 3807 581 3871; x_wconf 55' lang='lat' dir='ltr'><strong>Animal</strong></span> <span class='ocrx_word' id='word_1_375' title='bbox 594 3822 662 3871; x_wconf 70' lang='lat' dir='ltr'><strong>pm.</strong></span> <span class='ocrx_word' id='word_1_376' title='bbox 699 3808 750 3863; x_wconf 78' lang='lat' dir='ltr'><strong>eti,</strong></span> <span class='ocrx_word' id='word_1_377' title='bbox 762 3802 934 3866; x_wconf 87' lang='lat' dir='ltr'><strong>postqusmin</strong></span> <span class='ocrx_word' id='word_1_378' title='bbox 951 3802 1057 3855; x_wconf 62' lang='lat' dir='ltr'><strong>ltaliam</strong></span> <span class='ocrx_word' id='word_1_379' title='bbox 1074 3802 1146 3853; x_wconf 71' lang='lat' dir='ltr'><strong>vellit</strong></span> <span class='ocrx_word' id='word_1_380' title='bbox 1160 3801 1230 3852; x_wconf 74' lang='lat' dir='ltr'><strong>idem</strong></span> 
     </span>
     <span class='ocr_line' id='line_1_42' title="bbox 129 3878 845 3947; baseline -0.013 -12"><span class='ocrx_word' id='word_1_381' title='bbox 129 3884 227 3947; x_wconf 76' lang='lat' dir='ltr'><strong>iuml,</strong></span> <span class='ocrx_word' id='word_1_382' title='bbox 239 3884 375 3939; x_wconf 82' lang='lat' dir='ltr'><strong>Fonteius.</strong></span> <span class='ocrx_word' id='word_1_383' title='bbox 385 3884 434 3933; x_wconf 89' lang='lat' dir='ltr'><strong>uisi</strong></span> <span class='ocrx_word' id='word_1_384' title='bbox 445 3882 514 3933; x_wconf 79' lang='lat' dir='ltr'><strong>forte</strong></span> <span class='ocrx_word' id='word_1_385' title='bbox 526 3884 601 3932; x_wconf 85' lang='lat' dir='ltr'><strong>simul</strong></span> <span class='ocrx_word' id='word_1_386' title='bbox 618 3884 661 3933; x_wconf 82' lang='lat' dir='ltr'><strong>asl-</strong></span> <span class='ocrx_word' id='word_1_387' title='bbox 700 3878 845 3927; x_wconf 77' lang='lat' dir='ltr'><strong>Mucianus.</strong></span> 
     </span>
     <span class='ocr_line' id='line_1_43' title="bbox 129 3950 1231 4022; baseline -0.011 -12"><span class='ocrx_word' id='word_1_388' title='bbox 129 3962 269 4011; x_wconf 75' lang='lat' dir='ltr'><strong>reiteretur</strong></span> <span class='ocrx_word' id='word_1_389' title='bbox 289 3974 347 4009; x_wconf 86' lang='lat' dir='ltr'><strong>cum</strong></span> <span class='ocrx_word' id='word_1_390' title='bbox 365 3960 502 4011; x_wconf 79' lang='lat' dir='ltr'><strong>Muciano:</strong></span> <span class='ocrx_word' id='word_1_391' title='bbox 520 3959 588 4022; x_wconf 87' lang='lat' dir='ltr'><strong>qnod</strong></span> <span class='ocrx_word' id='word_1_392' title='bbox 609 3972 660 4008; x_wconf 89' lang='lat' dir='ltr'><strong>nou</strong></span> <span class='ocrx_word' id='word_1_393' title='bbox 733 3952 741 3987; x_wconf 82' lang='lat'>¹</span> <span class='ocrx_word' id='word_1_394' title='bbox 756 3954 824 4016; x_wconf 78' lang='lat' dir='ltr'><strong>Asin,</strong></span> <span class='ocrx_word' id='word_1_395' title='bbox 842 3954 1007 4020; x_wconf 79' lang='lat' dir='ltr'><strong>proconsule]</strong></span> <span class='ocrx_word' id='word_1_396' title='bbox 1029 3950 1231 4004; x_wconf 82' lang='lat' dir='ltr'><strong>Proconsulntns</strong></span> 
     </span>
     <span class='ocr_line' id='line_1_44' title="bbox 129 4024 1233 4101; baseline -0.009 -15"><span class='ocrx_word' id='word_1_397' title='bbox 129 4045 202 4101; x_wconf 87' lang='lat' dir='ltr'><strong>puto.</strong></span> <span class='ocrx_word' id='word_1_398' title='bbox 239 4036 307 4085; x_wconf 79' lang='lat' dir='ltr'><strong>Nem</strong></span> <span class='ocrx_word' id='word_1_399' title='bbox 325 4043 398 4083; x_wconf 87' lang='lat' dir='ltr'><strong>certe</strong></span> <span class='ocrx_word' id='word_1_400' title='bbox 415 4032 537 4083; x_wconf 84' lang='lat' dir='ltr'><strong>festinare</strong></span> <span class='ocrx_word' id='word_1_401' title='bbox 551 4034 661 4083; x_wconf 86' lang='lat' dir='ltr'><strong>maxime</strong></span> <span class='ocrx_word' id='word_1_402' title='bbox 700 4030 772 4081; x_wconf 79' lang='lat' dir='ltr'><strong>Asiae</strong></span> <span class='ocrx_word' id='word_1_403' title='bbox 794 4034 945 4082; x_wconf 87' lang='lat' dir='ltr'><strong>continebat</strong></span> <span class='ocrx_word' id='word_1_404' title='bbox 966 4036 1066 4094; x_wconf 85' lang='lat' dir='ltr'><strong>partem</strong></span> <span class='ocrx_word' id='word_1_405' title='bbox 1084 4024 1233 4076; x_wconf 82' lang='lat' dir='ltr'><strong>occidenta-</strong></span> 
     </span>
     <span class='ocr_line' id='line_1_45' title="bbox 129 4102 1231 4181; baseline -0.005 -20"><span class='ocrx_word' id='word_1_406' title='bbox 129 4111 232 4181; x_wconf 56' lang='lat' dir='ltr'><strong>nonme</strong></span> <span class='ocrx_word' id='word_1_407' title='bbox 240 4110 339 4175; x_wconf 78' lang='lat' dir='ltr'><strong>qnippe</strong></span> <span class='ocrx_word' id='word_1_408' title='bbox 357 4115 387 4158; x_wconf 93' lang='lat' dir='ltr'><strong>ut</strong></span> <span class='ocrx_word' id='word_1_409' title='bbox 406 4108 662 4159; x_wconf 55' lang='lat' dir='ltr'><strong>&amp;versusiusultsn</strong></span> <span class='ocrx_word' id='word_1_410' title='bbox 699 4108 752 4157; x_wconf 80' lang='lat' dir='ltr'><strong>lent</strong></span> <span class='ocrx_word' id='word_1_411' title='bbox 763 4108 833 4159; x_wconf 80' lang='lat' dir='ltr'><strong>Asine</strong></span> <span class='ocrx_word' id='word_1_412' title='bbox 850 4109 957 4157; x_wconf 85' lang='lat' dir='ltr'><strong>minoris</strong></span> <span class='ocrx_word' id='word_1_413' title='bbox 976 4102 1231 4168; x_wconf 64' lang='lat' dir='ltr'><strong>propitationem</strong></span> 
     </span>
     <span class='ocr_line' id='line_1_46' title="bbox 128 4178 1231 4254; baseline -0.01 -12"><span class='ocrx_word' id='word_1_414' title='bbox 128 4197 168 4243; x_wconf 87' lang='lat' dir='ltr'><strong>tes</strong></span> <span class='ocrx_word' id='word_1_415' title='bbox 187 4189 296 4254; x_wconf 84' lang='lat' dir='ltr'><strong>impune</strong></span> <span class='ocrx_word' id='word_1_416' title='bbox 310 4188 450 4238; x_wconf 80' lang='lat' dir='ltr'><strong>Barbam.</strong></span> <span class='ocrx_word' id='word_1_417' title='bbox 476 4186 574 4237; x_wconf 76' lang='lat' dir='ltr'><strong>illrum</strong></span> <span class='ocrx_word' id='word_1_418' title='bbox 592 4186 661 4253; x_wconf 82' lang='lat' dir='ltr'><strong>quod</strong></span> <span class='ocrx_word' id='word_1_419' title='bbox 700 4198 772 4236; x_wconf 72' lang='lat' dir='ltr'><strong>mue</strong></span> <span class='ocrx_word' id='word_1_420' title='bbox 782 4180 999 4248; x_wconf 73' lang='lat' dir='ltr'><strong>AEgoenui‚etnbi</strong></span> <span class='ocrx_word' id='word_1_421' title='bbox 1015 4178 1156 4246; x_wconf 68' lang='lat' dir='ltr'><strong>provincie</strong></span> <span class='ocrx_word' id='word_1_422' title='bbox 1172 4178 1231 4235; x_wconf 69' lang='lat' dir='ltr'><strong>llo·</strong></span> 
     </span>
    </p>
   </div>
   <div class='ocr_carea' id='block_1_19' title="bbox 0 0 1481 4742">
    <p class='ocr_par' dir='ltr' id='par_1_21' title="bbox 0 0 1481 4742">
     <span class='ocr_line' id='line_1_47' title="bbox 0 0 1481 4742; baseline 0 0"><span class='ocrx_word' id='word_1_423' title='bbox 0 0 1481 4742; x_wconf 95' lang='lat' dir='ltr'><strong> </strong></span> 
     </span>
    </p>
   </div>
  </div>
 </body>
</html>
