2925 4742
215 266 309 336 m
558 285 593 336 0.
615 285 797 338 connubii
819 286 947 338 'raom
1159 295 1207 364 [As
1218 299 1326 356 1108„ae

216 429 349 508 gentum
363 425 578 505 defectione,⁴
590 421 625 492 in
639 433 821 494 extremum
837 429 1016 498 discrimen
1032 432 1325 506 Cartimanduam

217 523 368 589 adduxit.
412 527 498 590 'lum
530 529 633 611 petita
662 550 683 593 a
709 529 873 614 Romanis
903 535 1079 615 praesidia:
1109 545 1144 601 et
1167 538 1325 607 cobortes

216 625 363 708 almquc¹¹
387 635 522 706 nostrae,
545 632 647 695 variis
676 633 828 715 praeliis:
848 654 1000 700 exemere
1030 645 1140 704 tamen
1165 643 1320 722 pericula

217 723 394 808 Reginam.
440 729 593 812 Regnum
609 731 765 806 Venutio,
780 736 902 799 bellum
917 739 1046 814 nobis,'
1058 741 1220 806 relictum.

259 827 315 893 st.
337 829 487 896 'lirrbata
508 853 567 915 par
586 833 722 900 eosdem
737 834 809 898 dies
825 835 1016 916 Germania,
1031 847 1065 904 et
1079 843 1233 908 socordia
1247 843 1325 909 Du·

217 938 321 1008 oum:
334 936 368 994 et
381 932 543 998 seditione
556 933 731 1017 legionum·
775 935 926 1002 Externa
939 941 1001 1018 tri,l
1022 943 1172 1025 perfidia
1190 947 1324 1028 sociali,

216 1137 386 1205 Biieaatibas,
394 1145 599 1196 Certiemnsdsrsss
609 1149 641 1196 od
650 1152 769 1198 extremm
779 1151 903 1211 aaudiat
911 1152 1012 1213 redegit.
1043 1151 1103 1202 iiras
1111 1156 1237 1217 malote
1247 1155 1325 1221 cepio

217 1220 234 1253 a
243 1205 370 1256 Romnum.-
386 1213 410 1256 et
423 1207 527 1257 cobortes
538 1216 667 1274 mareque
678 1214 735 1272 ulae,
744 1213 843 1261 oneras
852 1215 1027 1278 certuraa'stibss,
1042 1217 1148 1280 eripuere
1163 1224 1242 1269 tontes
1254 1215 1323 1283 1·ᾳί-

216 1283 273 1317 aura
284 1269 426 1320 Mansa.
459 1273 511 1322 Sed
520 1288 619 1336 regimus
630 1275 740 1335 Veturio,
751 1276 836 1326 beilum
845 1277 913 1325 sebia
922 1279 1030 1329 retietsss
1041 1289 1092 1330 est.

250 1332 342 1384 Endesa
352 1340 489 1400 tenpestate
507 1339 602 1387 turbata
618 1338 759 1400 emata,
769 1345 794 1388 et
809 1342 914 1402 segnitie
926 1344 1021 1408 wass,
1032 1350 1057 1394 et
1071 1345 1190 1396 &madia
1207 1345 1324 1396 astam.

218 1565 235 1611 4
253 1561 368 1614 audens.
379 1564 489 1624 dp'ectio·
522 1567 622 1620 Probat
633 1569 750 1622 Rhenan.
762 1587 810 1620 nec
818 1577 906 1621 tamen
917 1573 1027 1637 recepit.

251 1631 265 1674 1
284 1626 347 1677 bias.
358 1628 433 1678 ilari.
449 1631 525 1692 Botll.
543 1632 598 1684 Jss.
618 1641 647 1684 et
665 1635 835 1698 Puteolanus,
846 1641 868 1686 et
879 1636 987 1748 pereatis.
1020 1637 1146 1700 Copulam
1162 1642 1186 1687 et
1198 1638 1326 1688 omittunt

218 1687 284 1740 tiss.
295 1690 362 1742 lior.
374 1691 442 1757 Reg.
457 1694 536 1747 corb.
545 1695 608 1762 ligr.
620 1695 700 1748 editio
710 1699 842 1764 princeps,
853 1700 912 1764 Ryc
931 1707 1021 1766 sns,et
1034 1702 1202 1752 recentiores.

716 1889 827 1940 Nom

216 2011 247 2056 se
258 2005 360 2057 libidini
372 2009 471 2072 reginas
484 2013 660 2076 opponebant.
686 2015 749 2066 Non
788 2015 849 2080 nias,
867 2016 914 2066 aad
936 2017 1058 2067 adversus
1076 2017 1200 2080 Partlros,
1220 2015 1329 2081 imperii

218 2082 270 2132 alia
281 2084 366 2148 major
377 2088 477 2137 saevitis
488 2103 565 2153 quam
575 2089 686 2142 foemina
702 2092 749 2142 ins·
790 2092 906 2143 amalos.
935 2093 1021 2156 Reges
1042 2093 1081 2142 illi
1099 2093 1278 2155 inservientes,
1294 2097 1327 2142 et

219 2157 330 2222 pudica,
351 2160 384 2210 ob
407 2163 556 2226 cupidinem
576 2167 702 2217 concitat:
725 2169 749 2218 si
789 2181 849 2230 pars
870 2168 972 2234 imperii
991 2169 1068 2218 Rom.
1090 2174 1175 2230 crant,
1195 2181 1275 2232 seque
1297 2168 1327 2218 ri

218 2232 289 2296 siles,
299 2237 412 2286 senescit
421 2239 510 2301 ardor,
521 2240 639 2303 languet,
656 2243 677 2290 si
692 2258 750 2307 pro·
790 2243 909 2293 Romana
918 2243 1077 2295 solummodo
1089 2243 1252 2294 tutabantur.

218 2305 320 2369 bibens,
343 2311 500 2377 exardescit,
529 2318 644 2378 erumpit
662 2317 702 2366 ira
723 2325 751 2368 et
822 2317 912 2369 Dabat
937 2320 1070 2370 Armenia
1106 2334 1181 2383 reges
1210 2319 1327 2384 populus

217 2379 452 2434 libidomuliebris.
790 2393 867 2442 Rom.
888 2400 916 2443 et
936 2408 983 2443 sua
1002 2394 1070 2445 dona
1091 2394 1215 2444 tuebatur
1235 2395 1327 2445 annis.

250 2456 335 2520 Supra
349 2456 419 2508 sinn.
438 2473 478 2510 ιι.
489 2465 531 2512 aa.
551 2464 631 2516 ‘dam
643 2468 751 2518 Messal-
789 2468 855 2518 Tam
873 2468 907 2517 de
926 2470 1045 2534 imperio,
1067 2477 1121 2521 turn
1143 2478 1172 2521 et
1191 2472 1224 2521 dc
1241 2472 1327 2535 gloria

217 2529 270 2581 lina
290 2530 420 2584 facilitate
437 2537 614 2591 adulterorum
633 2542 659 2592 iu
678 2543 751 2595 fasti·
791 2543 901 2594 Romani
912 2546 1021 2594 nominis
1033 2546 1175 2610 taebssw
1193 2561 1253 2596 Μ
1264 2557 1328 2610 9⁰⁸¹

219 2603 289 2654 dium
311 2621 394 2670 versa,
411 2609 444 2658 ad
467 2613 611 2676 incognitae
633 2617 752 2670 libidines
792 2617 951 2682 Armeniam,
973 2619 1120 2685 provincias
1143 2620 1260 2672 orientia
1286 2623 1326 2670 in-

219 2679 382 2746 prodnebat!
407 2687 443 2734 Et
462 2686 543 2738 infra:
571 2691 695 2744 ‘Nomen
713 2702 752 2746 ta·
790 2692 923 2743 radebant
944 2697 1045 2760 Parthi,
1071 2711 1122 2748 uon
1143 2698 1200 2747 sine
1220 2695 1325 2762 flagitio

218 2771 279 2808 men
296 2760 451 2810 matrimonii
463 2765 624 2829 concupivit,
636 2767 671 2818 ob
681 2784 752 2834 mag·
792 2769 888 2821 ducum
899 2773 974 2822 lions.

217 2833 360 2884 nitndinem
371 2835 572 2902 infamiae,cujus
585 2843 653 2904 apud
663 2845 751 2906 prodi·
824 2847 860 2897 rit
870 2849 896 2896 in
907 2850 1051 2912 Britannia,
1062 2856 1108 2900 aut
1119 2851 1270 2915 Germania,
1277 2858 1328 2902 ant

217 2921 264 2972 gos
275 2911 413 2961 novissima
425 2914 542 2976 voluptas
554 2916 611 2966 est!
791 2923 869 2972 etiam
881 2924 913 2974 ad
926 2926 1154 2992 Danubiumque
1166 2928 1236 2977 inter
1246 2942 1326 2992 regu·

250 2985 295 3034 Sic
313 2992 340 3034 et
360 2987 439 3036 etiam
459 2986 585 3041 facilitate
601 3006 632 3042 ac
643 2993 750 3046 licentia
789 3001 829 3051 los
844 3003 1016 3053 Barbarornm
1033 3013 1181 3068 agerentur,
1197 3020 1248 3056 non
1265 3021 1327 3070 pet·

218 3058 380 3122 adulterii,in
392 3077 484 3114 novam
497 3066 639 3130 libidinem,
649 3069 674 3119 in
684 3085 749 3135 nup·
788 3075 850 3126 inde
859 3079 1013 3140 satagebant
1023 3081 1142 3130 Romani.
1160 3080 1245 3132 Immo
1256 3096 1328 3146 prasr

218 3131 313 3194 darum
339 3136 433 3198 modia
459 3153 525 3189 nora
554 3147 750 3209 prorumpebat,
788 3152 830 3200 liis
841 3160 870 3202 et
880 3153 1057 3205 internecione
1067 3156 1169 3206 illorum
1177 3163 1269 3207 mutua
1278 3157 1328 3208 ob·

217 3212 315 3268 prater
325 3209 462 3269 tenemium.-
473 3229 549 3279 quarn
559 3231 660 3280 cansam
671 3220 750 3274 affert
788 3225 967 3278 laetabantur:
976 3230 1130 3295 quandoque
1140 3231 1258 3295 pecnnia,
1266 3229 1327 3283 t'ere

216 3281 334 3348 Tacitus,
353 3286 398 3336 sed
424 3301 472 3339 nec
491 3293 609 3342 excludit
630 3297 748 3348 alteram.
787 3315 918 3366 nunquam
929 3301 1011 3354 milite
1020 3305 1090 3369 ipsos
1099 3306 1236 3369 juvabant

218 3356 298 3421 Apntl
324 3363 453 3428 prodigos,
479 3369 547 3430 apud
576 3371 749 3436 lascivientes,
819 3382 832 3410 ¹
852 3378 1042 3445 Variisproeliis]
1056 3383 1146 3446 Variis,
1156 3383 1184 3432 id
1195 3390 1246 3447 est,
1256 3384 1327 3435 mul-

217 3441 279 3499 post
306 3439 440 3501 cupidines
468 3444 596 3506 expletas,
612 3449 751 3499 novissima
788 3450 833 3514 tis,
841 3450 928 3504 forsan
940 3463 1027 3504 tamen
1041 3465 1069 3506 et
1085 3458 1158 3507 varia
1168 3456 1274 3509 fortuna
1285 3459 1328 3510 dl·

217 3508 337 3574 voluptas
348 3520 398 3574 est,
409 3515 430 3562 si
443 3517 551 3578 perinde
569 3521 620 3571 sint
632 3521 750 3587 infames,
788 3529 876 3590 versis,
891 3537 938 3580 snt
957 3531 1093 3594 ambiguis.
1131 3533 1202 3585 Nam
1221 3535 1326 3599 statim,

216 3586 238 3635 sl
249 3585 370 3638 natorum
385 3589 453 3642 fama
464 3593 594 3659 adaequet,
606 3606 652 3647 aut
668 3601 748 3649 etiarn
788 3602 873 3652 bellem
882 3605 1073 3656 sobiarelicttns.

216 3672 324 3726 superet
345 3665 506 3729 voluptatum
527 3673 613 3738 luxus,
632 3675 750 3742 delicias,
821 3685 838 3711 ¹
853 3679 949 3730 Belisss
966 3681 1045 3744 sebia]
1060 3682 1129 3734 Onia
1148 3682 1240 3732 civitas
1262 3682 1324 3734 uri-

217 3735 344 3800 libitlinea,
355 3740 491 3806 cttlagitia
501 3756 598 3799 cetera.
789 3762 906 3818 gantiam,
923 3771 980 3820 qna
1000 3758 1071 3807 socia
1084 3765 1145 3808 ante
1163 3756 1260 3820 inerat,
1276 3767 1326 3812 ant

249 3815 366 3866 ‘Accitis
380 3819 489 3883 emilia]
507 3823 546 3872 Ex
564 3826 622 3874 aliis
639 3827 749 3878 nationi·
788 3839 860 3882 certe
878 3837 967 3896 pacem
987 3841 1114 3896 servarat,
1122 3835 1180 3899 jain
1191 3834 1225 3886 ob
1236 3837 1325 3887 Venu-

219 3889 268 3942 bna
289 3891 456 3960 Britannicis,
466 3912 525 3962 quae
542 3900 639 3964 ignotas
657 3905 749 3954 Rorna-
788 3909 936 3958 tiumnobis
948 3909 1125 3962 infensaetat.

218 3967 268 4029 nis,
278 3974 324 4018 aut
333 3969 476 4022 indomita.
819 3994 833 4022 ¹
850 3988 964 4039 &sordis
980 3989 1077 4054 dacass]
1095 3992 1235 4056 Pracipne
1253 3992 1325 4044 Har·

224 4087 227 4094 .
251 4050 263 4094 l
290 4044 402 4096 Cobotes
422 4047 521 4112 elatee]
555 4051 639 4102 Video
661 4059 750 4105 temen
787 4063 877 4113 (leonii
893 4067 991 4130 Flacci,
1012 4081 1090 4132 quem
1107 4069 1234 4122 custodia
1246 4071 1323 4135 ripa,

218 4115 332 4197 lsqiopes
342 4119 434 4176 missas
445 4125 540 4178 samba
556 4139 647 4192 regum
657 4127 750 4182 Arne·
787 4155 834 4194 sen
855 4141 1105 4212 illiminationem
1126 4147 1266 4201 Vitellissa
1292 4158 1324 4209 et
