2925 4742
198 213 295 286 me*
547 227 580 276 c.
604 207 960 274 conunnrt'rsctrt'
999 295 1006 308 .
1146 203 1317 289 [auaui

199 378 388 440 nutantem‘
399 369 570 434 Caecinam
582 365 779 450 praevenire,
791 367 861 437 ant,
872 365 949 425 ante
962 358 1141 425 discrimen
1155 357 1312 444 pugnae,¹¹

201 475 334 558 assequi
363 472 527 554 legiones¹
557 470 728 554 potuisset.
778 464 852 528 Nec
877 464 1022 541 deerant,
1046 465 1103 546 qui
1125 465 1309 536 monerent,

202 581 264 641 ‘ut
277 597 353 640 cum
367 575 537 638 fidissimis
562 589 621 654 per
644 570 794 633 occultos
817 567 977 641 tramites,
1003 564 1104 628 vitata
1127 563 1312 640 Ravenna,

203 677 387 749 Hostiliam
402 674 639 740 Cremonamve
655 667 821 754 pergeret!
842 729 845 735 ,
870 664 956 729 Aliis
979 665 1146 749 placebat,
1162 662 1313 728 ‘accitis

202 787 262 846 ert²
287 780 370 843 urbe
394 777 564 841 Praetoriis
588 769 788 837 cohortibusi
809 768 923 834 valida
947 787 1046 831 manu
1070 761 1316 850 perrumpere?

204 881 296 966 Ipse,
311 879 419 944 inutili
435 876 653 951 cunctatione,
669 874 786 957 agendi
802 867 966 955 temporaj
989 868 1206 934 consultando
1226 886 1314 931 con·

205 985 351 1048 sumsit:
384 1000 464 1045 mox
485 985 660 1061 utrumque
682 976 859 1040 consilium
883 976 1088 1055 aspematns,
1112 969 1203 1053 qnod
1222 969 1314 1034 inter

206 1083 368 1167 ancipitia
391 1081 602 1146 deterrimum
625 1087 686 1156 est,
711 1079 789 1141 dum
811 1076 922 1140 media
945 1072 1107 1156 sequitur,
1121 1089 1183 1134 nec
1206 1087 1314 1134 ansus

206 1181 270 1254 estk
284 1186 377 1262 satis,
392 1203 452 1246 nec
467 1182 622 1266 providit.
1212 1179 1215 1187 '

248 1285 303 1349 41.
328 1283 446 1347 Missis
461 1283 505 1346 ad
519 1281 695 1346 Vitellium
709 1277 835 1358 literis,¹
849 1278 1014 1343 auxilium
1033 1277 1195 1360 postulat.
1237 1271 1313 1336 Ve-

206 1406 281 1451 nere
296 1391 362 1450 tres
377 1384 548 1448 cohortesnn
563 1403 639 1446 cum
653 1383 709 1446 ala
723 1382 931 1447 Britannica:
949 1399 1058 1462 neque
1073 1379 1118 1442 ad
1131 1374 1316 1440 fallendum

208 1493 307 1573 aptus
320 1505 484 1562 uumerus,
505 1503 613 1568 neque
635 1484 678 1548 ad
698 1483 947 1566 penetrandum.
992 1479 1060 1544 Sed
1079 1477 1205 1543 Valens
1218 1495 1260 1540 ne
1276 1474 1318 1537 in

211 1673 296 1730 suaset,
314 1668 428 1731 potuisset
448 1671 593 1716 ontsrertere
612 1665 759 1716 dubitantem
780 1667 915 1724 Gadaum
930 1668 973 1712 out
989 1667 1045 1711 otte
1064 1663 1221 1710 transactam
1235 1655 1323 1720 proeit't‘

206 1731 341 1792 fortuitam,
354 1734 456 1793 legiones
467 1732 593 1792 anisam.
629 1733 662 1780 Et
674 1736 752 1793 eraut,
770 1731 809 1796 qui
827 1731 962 1789 maducat,
981 1735 1011 1775 nt
1029 1740 1076 1790 per
1094 1729 1210 1798 secretos
1226 1721 1323 1796 callep,

212 1795 342 1845 declinata
355 1797 485 1858 Muenna,
496 1795 617 1844 tenderet
627 1795 767 1847 Hostiliam
778 1801 823 1844 mrt
835 1796 987 1844 Cremonam
998 1805 1057 1839 curu
1069 1788 1225 1838 fidelissimis
1235 1799 1321 1861 copit-

213 1859 292 1909 tibus.
326 1860 378 1909 Alii
389 1860 520 1920 carebant,
531 1865 561 1907 nt
573 1859 704 1908 accersitis
717 1859 801 1908 Roma
811 1857 941 1921 praetoriis
952 1854 1112 1913 cohortibus,
1122 1850 1197 1925 firmo
1213 1861 1322 1924 agmine

213 1921 381 1986 pervaderet.
414 1923 477 1984 Ipse,
488 1923 556 1971 iacui
567 1924 743 1983 mussitatione,
754 1924 841 1984 maadi
850 1921 981 1971 messiones
990 1919 1119 1968 otmaro
1129 1920 1217 1964 nutet.
1239 1914 1323 1988 ⁸Dent

213 1987 606 2050 maestasquemaestasque
622 1989 684 2048 iuter
702 1987 814 2048 αηώίςιιιι
827 1988 953 2050 pessimant
968 1988 1012 2045 stt,
1027 1984 1084 2031 dora
1099 1981 1176 2029 medio
1187 1979 1267 2040 eligit,
1276 1991 1323 2026 aec

215 2052 316 2100 tentarit
326 2053 393 2113 totu,
404 2066 446 2100 aec
455 2051 516 2100 satit
526 2053 656 2114 prospexit.

250 2116 390 2177 Compositis
409 2117 440 2162 od
462 2115 586 2164 Vitellium
602 2115 718 2178 epistolis,
734 2115 813 2178 copias
830 2113 900 2176 petit.
933 2113 1051 2161 Adducto
1066 2115 1122 2158 suat
1140 2115 1189 2157 tres
1204 2106 1323 2160 alona,

216 2193 269 2230 ostiu
279 2181 318 2230 ulo
332 2179 488 2237 Britannum
503 2179 570 2243 quod
587 2193 671 2245 agmen
688 2193 760 2242 aeque
775 2181 807 2227 od
824 2178 943 2227 latendum
960 2177 1113 2237 mercedum
1127 2186 1200 2237 sepse
1215 2172 1246 2220 od
1264 2184 1325 2232 per-

691 2302 703 2321 Ι
706 2302 853 2321 annun

364 2392 377 2435 l
398 2385 516 2447 Legiones
527 2383 603 2435 abest
615 2399 630 2434 a
641 2384 693 2435 Ma.
705 2382 832 2434 corb-ti
849 2384 901 2438 Μι.
912 2383 992 2435 Corb.
1003 2383 1072 2433 notit.
1081 2381 1111 2432 ob
1121 2379 1173 2432 arb.

716 2513 824 2566 NOTAE

250 2609 423 2672 ssNutorttem]
466 2610 648 2672 Dubitautem,
670 2610 749 2660 ambi·
819 2611 827 2645 ¹
850 2613 935 2663 Missis
950 2613 982 2661 od
1003 2610 1121 2660 Vitelliam
1136 2604 1225 2668 literis]
1248 2605 1325 2655 Fieri

219 2703 295 2752 guum
307 2702 340 2736 an
351 2687 518 2753 descisceret,
535 2703 567 2740 su
583 2688 617 2739 ad
627 2688 749 2753 Vespasi-
790 2696 886 2753 potest,
900 2695 931 2740 ut
941 2688 1038 2738 Valens
1058 2686 1169 2750 primam
1185 2683 1326 2745 ampiexus

220 2765 262 2815 ani
273 2771 360 2829 partes
372 2765 499 2815 transiret.
791 2764 871 2814 fuerit
888 2764 1044 2827 opinionem,
1056 2776 1116 2827 qua
1130 2768 1195 2822 erat,
1209 2761 1218 2788 ‘
1230 2758 1326 2808 accitu

253 2838 386 2902 lemna]
419 2838 608 2889 Cremonensis.
791 2855 825 2892 ex
833 2840 898 2891 urbe
909 2838 1068 2900 cohortibus,
1078 2836 1164 2887 talida
1173 2850 1252 2885 mauu
1263 2849 1325 2898 per-

257 2914 555 2978 ¹Praetrrtaeoaotstm]
588 2915 654 2967 Qua
668 2927 751 2978 nuper
791 2915 936 2980 rumperer'
953 2915 1000 2965 sed
1014 2911 1327 2976 Vitelliasineulps,qui

221 2993 365 3042 detectura
384 2991 490 3040 Vitellio
510 3004 543 3039 ert
563 2995 619 3039 toto
633 2989 752 3039 exercitu
790 2993 877 3055 plures
886 3006 937 3040 non
946 2991 1071 3042 submisit.
1103 2989 1215 3040 Sortitur.

222 3066 386 3129 Germanico,
398 3072 426 3115 et
437 3080 496 3130 qua
512 3064 610 3125 idcirco
622 3064 752 3121 tidissimea
823 3073 842 3099 ¹²
866 3067 925 3116 llus
940 3067 1056 3130 mbortes]
1079 3067 1208 3117 Fortassis
1227 3071 1326 3131 preto-

223 3147 306 3192 eraut.
791 3141 938 3196 rimorum:
968 3149 996 3192 et
1021 3149 1117 3207 prater
1141 3144 1209 3204 illas,
1236 3150 1326 3192 temen

254 3215 373 3279 lAgsadi
391 3217 508 3281 temporo]
537 3217 648 3280 Terapora
665 3231 754 3276 rerum,
793 3219 989 3283 quatuordocim
1013 3220 1183 3283 praetorianas
1202 3221 1335 3269 cobortes.

222 3299 253 3343 ut
272 3293 333 3341 alibi
353 3291 468 3356 loquitur
489 3294 606 3355 'lucitus
624 3293 700 3342 verbis
721 3306 753 3342 ac
794 3294 976 3357 comperimus,
996 3310 1054 3360 qna
1073 3295 1202 3346 sexdecim
1221 3302 1328 3346 tautum

223 3366 455 3418 consultationibus
467 3369 565 3420 terebat.
794 3368 900 3419 fuerunt
913 3370 1052 3433 universae,
1063 3371 1132 3420 Hist.
1143 3385 1176 3420 rr.
1209 3370 1329 3419 Souiliss.

256 3441 268 3475 ¹
285 3443 336 3492 Nec
352 3457 421 3490 aalma
437 3443 484 3505 est]
501 3445 558 3494 Nec
577 3446 641 3494 satis
659 3443 755 3506 audax,
829 3444 887 3494 lies
897 3445 1014 3508 sobria]
1030 3445 1061 3494 Iu
1077 3446 1168 3510 quibus
1185 3445 1254 3494 forte
1269 3450 1329 3493 tau·

224 3531 273 3572 nec
284 3519 346 3567 satis
356 3519 477 3581 providus
489 3518 547 3572 fuit.
576 3521 675 3569 Debuit
686 3521 754 3568 enim
795 3527 849 3570 tum
868 3520 927 3570 duae
945 3523 1185 3585 pratorioeoobortes.
1219 3521 1328 3570 Ceteras

224 3592 350 3661 audacter
369 3600 399 3641 et
420 3601 535 3655 strenue,
554 3597 685 3658 ignoratus
699 3610 754 3657 per·
795 3596 1194 3660 communicassemus
1214 3597 1330 3659 legiona-

224 3684 331 3734 rumpere
341 3684 393 3718 cum
402 3669 484 3733 paucis
499 3676 524 3719 et
535 3671 671 3734 fidissimis.
704 3670 754 3719 Vel
795 3671 855 3720 rite:
872 3671 1330 3736 nsmttlaatoflrumiamtpato,

224 3745 315 3794 debuit
337 3745 417 3807 magis
437 3747 582 3806 prouidere,
604 3761 707 3809 nempe,
726 3751 756 3795 ut
796 3744 908 3804 nonfuit
924 3747 1065 3810 auxiliaris,
1082 3748 1128 3796 sed
1143 3746 1212 3796 forte
1227 3746 1329 3810 equits·

224 3820 332 3870 haberet
350 3818 489 3868 subsidium
511 3821 630 3882 validius,
643 3837 694 3884 quo
714 3836 758 3884 pe·
798 3829 839 3870 tus
855 3821 904 3871 tuit
916 3823 1022 3887 alicujus
1034 3823 1141 3887 legionis
1158 3821 1329 3883 Britannice,

225 3903 354 3946 netraret:
379 3895 474 3962 qnippe
494 3912 576 3946 ornere
594 3903 693 3946 tantum
708 3901 758 3946 tres
797 3913 856 3962 qua
868 3898 1089 3965 praelioalioerat,
1099 3906 1146 3950 aut
1161 3905 1234 3950 ceste
1251 3911 1330 3964 sepa·

225 3971 329 4022 mtortes
339 3985 372 4020 ex
384 3970 456 4033 urbe,
468 3972 561 4034 quibus
576 3972 698 4034 stipatus,
709 3985 758 4024 nec
797 3980 855 4030 rats
864 3973 991 4030 membst.

225 4047 317 4114 latera,
327 4062 376 4099 nee
385 4048 410 4098 vi
419 4061 588 4114 perrumpere
600 4048 695 4114 potuit.
