2925 4742
123 285 274 350 teon]
477 289 746 341 nrsroarsnnn
771 293 845 342 nra.
868 295 919 342 iv.
1126 367 1127 372 Ἰ
1184 279 1271 374 3051

124 425 344 505 acciderat,³
366 434 597 516 circumagere
611 454 763 519 corpore,
777 436 909 501 tendere
926 457 1023 503 arcus
1033 443 1080 498 :4¹
1099 439 1181 504 nibil
1195 459 1271 524 pro·⁴

125 527 407 611 dessevtrtus‚⁵
428 536 497 600 fors
519 543 640 601 cuncta
662 533 796 601 turbare
818 544 851 602 et
875 539 1069 622 ignavorum
1088 558 1181 624 saepe
1196 541 1275 632 telier

122 630 318 724 tortissimi
337 636 503 702 cadere..
526 635 632 720 Apud
647 637 835 703 Germanos
849 641 1037 706 inconsrdta
1051 643 1119 707 ira:
1144 641 1270 706 Roma·

123 751 188 796 uus
222 735 358 812 milesr,
403 739 627 821 periculorum
654 738 813 820 guarus,⁶
844 742 981 808 serratas
1011 741 1122 820 sudes,
1155 739 1274 824 gravia

123 851 229 910 saxa,
248 853 332 898 non
350 837 444 902 forte
459 839 618 923 jaciebat
662 839 731 905 Ubi
746 861 846 907 sonus
859 845 1076 922 molientium,
1092 849 1150 907 aut
1163 862 1269 927 appo·

123 935 202 998 sitae
220 937 350 1002 scalae
380 941 512 1004 hostem
536 942 571 1004 in
585 961 703 1006 manus
722 941 890 1021 dedorunt,
915 947 1097 1028 propellere
1117 945 1268 1024 umbone,

122 1037 198 1119 pilo
214 1041 358 1121 sequi:
384 1042 519 1119 multos,
545 1043 596 1105 iu⁷
610 1045 737 1108 moenia
751 1063 913 1125 egressos,
936 1049 1134 1130 pugionibus
1146 1047 1268 1112 fodere.

125 1137 187 1201 Sic
203 1140 405 1206 exhausta
418 1150 527 1221 nocte,
543 1164 664 1209 novam
679 1146 786 1212 aciem
798 1145 870 1212 dies
885 1150 1023 1230 aperuit.

166 1239 230 1304 30.
259 1241 481 1310 Eduxerant
504 1247 629 1312 Batavi
657 1248 780 1326 turrim,
812 1247 938 1332 duplici
959 1250 1126 1328 tabulato,
1151 1269 1266 1335 quum,

124 1457 255 1517 strepitur
267 1460 425 1524 «dumet,
441 1462 492 1511 bue
510 1461 631 1510 elmere
641 1477 747 1525 corpora,
758 1461 834 1510 obriti
843 1463 911 1511 tulit:
925 1461 988 1510 nibil
998 1463 1124 1511 conducere
1137 1462 1270 1528 fortitudo,

123 1517 232 1577 terrm
247 1525 348 1572 omniu
362 1527 471 1585 rubuere,
487 1532 511 1574 et
521 1528 633 1575 inertium
643 1527 737 1586 jaculis
747 1527 906 1575 strenuissimi
923 1541 984 1588 repe
994 1526 1096 1585 confodi.
1128 1529 1199 1590 Apud
1209 1530 1270 1578 Get*

129 1598 217 1631 nuos
231 1601 361 1651 preceps
372 1589 460 1649 seror.-
477 1589 598 1639 Rmaunur
613 1592 689 1650 miles,
699 1591 863 1639 discriminum
878 1589 1057 1653 pratorumque
1066 1591 1150 1651 seim,
1160 1590 1270 1649 serretur

29 1674 30 1677 =
128 1649 212 1706 urla,
230 1655 259 1698 et
282 1667 391 1714 nugae
408 1655 476 1702 molit
485 1669 555 1715 saxa,
571 1669 617 1703 sou
627 1661 716 1704 terrere
727 1654 881 1703 immittebat.
918 1655 1269 1717 cnmstrepttarrstraerrurr

131 1725 234 1774 muros,
256 1719 304 1764 tel
329 1721 433 1766 admota
450 1719 521 1767 reale
539 1719 628 1767 bostem
643 1735 716 1781 prope
727 1718 867 1780 obiecerant,
885 1719 981 1767 umbone
998 1720 1148 1780 proturbare,
1164 1724 1189 1768 et
1199 1721 1269 1770 burla

29 1814 30 1821 ,
131 1774 274 1827 hadad.-
291 1783 427 1843 plurimos,
444 1783 485 1845 qui
495 1783 549 1841 jara
568 1784 594 1831 iu
613 1798 692 1832 muros
708 1787 839 1845 rumerari,
850 1781 919 1844 ferro
936 1783 1066 1843 arridere.
1100 1784 1143 1833 Sir
1158 1784 1267 1834 durata

129 1845 212 1900 noete,
224 1856 329 1893 nouum
340 1852 460 1895 sertam
468 1847 520 1895 dier
528 1846 648 1908 patefecit.

165 1904 373 1964 Emesam
390 1910 483 1960 Bataui
497 1912 593 1974 turrira,
606 1912 700 1973 gemino
718 1911 800 1960 ordine
815 1910 983 1974 tabulatorum,
998 1925 1078 1976 prtum,
1092 1915 1171 1974 porte
1179 1917 1267 1975 peto·

622 2068 739 2088 noenu
744 2069 800 2087 ΙΙΙ)

138 2163 228 2214 tiones
240 2174 364 2218 veteres.
396 2168 454 2220 Juc.
466 2167 613 2219 Gronovius
625 2174 653 2218 et
664 2169 834 2229 recentiores,
844 2169 941 2219 mtrem
951 2175 1044 2219 macta.
1071 2169 1195 2220 arou-t
1212 2169 1265 2220 Ms.

137 2227 208 2295 Agr.
220 2233 412 2283 decimet—«t
430 2233 473 2282 Ita
493 2235 557 2282 Mss.
577 2242 605 2282 et
622 2234 681 2282 libri
699 2233 775 2282 editi.
808 2233 914 2282 Frustra
935 2240 1020 2283 tentat
1038 2233 1152 2297 Lipsius,
1171 2237 1267 2284 tendere

140 2295 225 2344 uuir.
261 2297 344 2346 Male
353 2297 497 2358 Acidaliae,
508 2299 697 2358 teuderajuctus.
729 2297 883 2347 Tendebant
891 2312 965 2347 urens
977 2298 1112 2347 adversum
1126 2299 1264 2362 Romanor,

141 2357 186 2419 qui
206 2373 223 2406 e
244 2363 360 2410 summis
371 2363 498 2412 moeuibas
515 2361 627 2410 ferratas
646 2362 723 2410 sudes
736 2368 763 2410 et
781 2361 871 2424 gravia
888 2377 948 2411 sexa
960 2361 1106 2428 jaciebant.
1123 2364 1266 2412 Brutia.-

143 2425 158 2468 5
181 2422 285 2485 Virtute,
307 2425 335 2474 iu
354 2427 405 2474 lrls.
426 2428 491 2491 Reg.
510 2435 539 2475 et
556 2426 598 2476 ed.
613 2441 651 2490 pr.
682 2440 819 2488 perperam
837 2426 996 2476 excidit-6
1016 2427 1059 2475 Sic
1079 2427 1217 2476 Rhenanus
1237 2433 1265 2476 et

143 2488 329 2539 recentiores.
363 2489 394 2539 ln
412 2492 477 2540 Mas.
489 2497 518 2540 et
528 2490 660 2540 veteribus
671 2489 839 2550 editionibus,
856 2491 1012 2551 {gram-r
1030 2491 1073 2540 Sic
1086 2491 1152 2540 bene
1164 2497 1268 2542 veteres

146 2554 174 2623 et
187 2555 358 2602 recentiores
367 2555 506 2668 {ditionem
539 2555 571 2604 In
592 2553 755 2604 intermediis
766 2553 918 2618 qtribusdaut
936 2554 1093 2604 editionibus
1105 2555 1267 2621 praepositio‚

146 2625 172 2658 ru
184 2623 227 2665 est
239 2619 350 2667 omissa.
393 2619 475 2669 rotier.

660 2769 767 2820 NO'l'AE

184 2913 196 2937 ¹
209 2906 321 2958 'l'errdere
330 2908 410 2972 urar]
421 2908 486 2958 Milri
495 2914 653 2973 suspectum,
663 2915 691 2959 et
730 2907 868 2973 distinguit
874 2907 938 2957 iram
950 2907 1137 2958 Germanorum
1147 2923 1162 2958 a
1171 2908 1266 2959 Roma·

150 2977 208 3044 tibi,
219 2984 243 3033 si
256 2984 387 3034 attendes.
410 2986 539 3036 Quorsum
551 2983 592 3033 trie
603 2984 692 3034 arcus?
728 2986 756 3034 ni
768 2986 856 3035 militis
865 2986 1005 3049 prudentia
1017 2986 1173 3052 peritiaque.

150 3056 194 3105 De
205 3057 351 3109 Germanis
363 3075 448 3109 sermo
459 3067 510 3121 est,
520 3059 689 3125 quiburbaud
763 3063 798 3111 Et
809 3062 873 3111 licet
890 3062 922 3109 de
938 3062 1074 3111 Germanis
1091 3067 1191 3112 tentum
1206 3076 1265 3126 ege·

154 3134 248 3185 crebra
261 3152 295 3186 ea
307 3152 395 3188 armat
413 3137 458 3188 ted
474 3152 524 3187 uec
539 3138 584 3187 ille
600 3153 688 3188 warns
729 3145 813 3197 retur,
824 3137 849 3186 hi
862 3144 948 3186 tamen
959 3143 1100 3200 potueruut
1112 3139 1208 3188 tendere
1225 3152 1267 3186 ar·

154 3209 187 3256 ad
198 3211 288 3262 Taciti
300 3228 412 3263 sensura.
726 3229 776 3275 our,
793 3225 838 3262 aut
856 3213 958 3264 similia.
992 3213 1060 3262 Nem
1073 3211 1264 3264 iufrademor.

185 3284 255 3334 Mihi
275 3287 423 3347 ridebatur,
440 3290 536 3338 tendere
553 3289 646 3346 aretin
661 3294 690 3338 et
727 3289 851 3339 German.
863 3293 887 3338 6.
898 3289 906 3316 ‘
917 3287 1026 3337 Pedites
1038 3296 1065 3338 et
1076 3287 1181 3336 missilia
1192 3302 1263 3351 spat·

155 3356 190 3409 lta
212 3364 296 3412 tolet:
325 3365 369 3412 nbi
389 3365 542 3428 periculum,
561 3379 592 3414 eo
610 3365 688 3415 ermis
727 3372 793 3429 gunt
810 3365 934 3429 pleraque
954 3363 1057 3430 singuli,
1077 3372 1157 3429 atque
1177 3365 1263 3414 inim·

156 3437 294 3493 trndlmns.
311 3439 417 3502 Lipsius.
476 3462 481 3468 ·
728 3454 845 3490 mensum
858 3439 979 3491 vibrant!

190 3515 296 3568 Tendere
304 3517 385 3580 mass]
407 3519 509 3583 Legunt
519 3523 603 3577 artur
618 3517 689 3583 quod
762 3516 817 3568 Aut
828 3522 901 3566 certe
917 3516 1054 3566 bueiuter
1071 3517 1168 3567 liberos
1178 3532 1265 3582 egres·
1354 3573 1358 3580 .

159 3587 312 3644 absurdum:
330 3595 367 3644 sic
383 3595 452 3644 idem
463 3595 503 3644 bis
519 3597 629 3646 dixisset
639 3598 688 3646 Te·
729 3604 810 3643 straet
823 3600 976 3643 ornamenta
989 3593 1114 3658 historia,
1133 3607 1191 3657 quae
1212 3608 1263 3644 non

157 3664 234 3730 citus,
253 3684 315 3720 aa·
338 3671 546 3736 circii-agerent
567 3687 688 3736 corpora,
728 3669 766 3718 itu
776 3667 868 3718 stricte
886 3667 1024 3731 capienda,
1042 3667 1088 3717 sed
1101 3682 1133 3716 ee
1144 3666 1222 3730 magis
1234 3675 1264 3718 ut

159 3746 185 3789 et
193 3744 331 3794 tenderent
349 3753 420 3795 artus
436 3761 468 3795 eo
487 3746 539 3796 loci
558 3747 627 3797 uude
639 3749 689 3798 ela·
728 3752 799 3806 suut,
817 3749 930 3809 qnanrut
941 3741 1264 3805 dicuntur,intelligenda,

159 3829 212 3867 mor
221 3819 369 3881 oriebatur;
386 3820 454 3886 quod
466 3821 535 3870 idem
547 3820 623 3871 forst.
728 3829 758 3872 et
769 3821 890 3884 scriptori
905 3835 951 3868 rua
962 3817 1083 3867 facundia
1093 3816 1265 3868 condonanda

188 3893 238 3942 lled
249 3901 322 3958 pato,
332 3909 383 3944 uoa
393 3895 429 3945 ibi
441 3896 473 3944 de
485 3897 622 3945 Germanis
634 3903 690 3944 tau·
728 3899 772 3959 sit,
806 3897 904 3950 Quidni
917 3893 1043 3944 conflatus
1067 3892 1147 3941 fuerit
1157 3893 1202 3942 ille
1219 3908 1262 3943 ex·

161 3971 211 4017 tum
230 3972 326 4034 agitur,
346 3970 393 4021 sed
415 3971 495 4022 etiam
514 3972 548 4021 de
566 3973 688 4021 Romanis
729 3974 828 4024 ercitus
841 3973 931 4022 Civilis
943 3984 976 4018 ex
988 3968 1052 4017 varii
1066 3968 1169 4032 generis
1181 3971 1266 4033 genti·

160 4042 243 4107 rimul3
277 4048 316 4098 ita
338 4043 368 4098 u't
389 4062 437 4113 par
457 4056 527 4098 esset
549 4047 690 4098 difficultas
729 4049 778 4112 bus
793 4049 820 4097 it
832 4047 965 4120 militibus,
974 4058 1083 4108 quornm
1096 4043 1266 4097 aliialiatela

163 4121 294 4188 utrobique
302 4129 413 4188 propter
423 4132 541 4174 noctem:
559 4130 587 4173 et
597 4129 691 4187 postea
728 4127 887 4192 missiliaque
897 4127 924 4174 in
937 4137 984 4173 usn
993 4119 1151 4176 habuerint?
