2925 4742
224 309 311 378 Μ
578 326 610 375 0.
633 325 815 375 continuit
838 325 965 376 'lactus
1162 330 1209 399 [Α.
1220 331 1253 385 U.
1264 336 1322 386 82².

224 467 327 545 facili,
341 486 401 533 sou
426 465 570 532 felicitas
598 468 632 532 in
661 467 720 532 tuli
744 466 877 550 iugenio
905 468 1093 547 avaritiam,
1122 470 1325 552 superbiam,

225 573 400 652 ceteroque
414 567 548 634 occultu
573 567 663 632 mula
685 568 866 650 patefecit:
888 569 1237 652 utcuptum,1tcliom
1248 591 1327 654 per-

225 669 365 748 sultam
388 675 425 732 ut
439 675 544 746 sues,v
558 669 707 750 legiones
722 670 850 750 colere;
870 671 1027 734 omnibus
1041 669 1143 736 dictis
1158 671 1327 755 factisque

225 770 363 834 viam¹'
384 770 450 834 sibi
474 769 517 833 ud
531 770 731 852 potentiam¹
753 775 899 834 struere:
921 775 1021 851 utque
1034 771 1171 834 licentia
1184 772 1326 836 militem

224 869 397 948 imbueret,
432 870 672 934 interfectorum
706 868 941 933 centurionum
975 869 1106 933 ordines
1139 871 1328 952 legionibus

226 967 422 1035 offerebat:y
444 991 484 1034 eo
504 970 658 1052 suffragio
683 969 929 1034 turbidissimus
943 971 1084 1054 quisque
1098 970 1239 1037 delecti:
1260 989 1325 1036 nec

227 1180 273 1217 sen
287 1165 440 1230 profligatam
451 1166 534 1216 delium
549 1165 697 1227 existissaas,
713 1169 738 1213 et
754 1165 844 1228 reliqua
859 1165 946 1224 facilia
962 1179 1026 1228 esse,
1035 1181 1076 1214 sss
1090 1167 1236 1228 prosperitus
1244 1168 1270 1216 is
1279 1169 1329 1216 tsii

153 1253 157 1259 ·
226 1231 317 1280 Marisa
327 1230 421 1279 reclusit
431 1231 592 1292 cupiditatem,
602 1229 772 1290 arrogantiam,
782 1235 806 1276 et
813 1229 966 1291 uliaflugitia
975 1230 1094 1286 tumis,-
1108 1231 1153 1278 llla
1164 1231 1226 1278 aelst
1235 1245 1329 1293 expug-

227 1298 307 1343 satcar
318 1294 393 1343 uraris
409 1294 507 1343 liutiasa
523 1293 623 1342 ludibrio
631 1293 730 1349 istem
746 1293 846 1340 sdiitess
863 1297 974 1355 tanqaaas
990 1307 1058 1342 Μ
1073 1296 1205 1350 domm
1220 1295 1332 1344 ensibus

226 1357 478 1420 dictisfuclispueiter
491 1357 537 1405 sibi
548 1359 578 1406 ud
593 1360 731 1417 potestatem
741 1360 858 1404 amas:
875 1361 898 1404 st
909 1361 937 1404 ut
945 1357 1053 1419 procacia
1070 1359 1211 1420 suffituque
1226 1359 1330 1408 mitem

227 1427 394 1486 comparet,
400 1421 519 1485 probriu
529 1419 658 1482 legionibus
666 1419 747 1468 mania
757 1420 918 1469 merbrum
927 1421 1069 1469 meme
1083 1435 1110 1471 ss
1125 1422 1215 1470 deiectu
1227 1422 1330 1471 reditis·

686 1579 865 1599 ”eunucu

260 1712 274 1758 1
300 1709 354 1760 Vise
369 1709 424 1760 siti.
458 1709 613 1760 iniisset
628 1715 773 1760 veteressc
791 1710 949 1760 recentiores
958 1709 1092 1760 editiones.
1124 1707 1329 1772 Lipsiusemeu·

227 1770 311 1833 davit,
329 1774 400 1824 uiam.
433 1775 527 1823 Placet
535 1787 637 1838 quoque
659 1774 700 1823 ci.
722 1775 844 1836 Ernesto,
861 1773 916 1838 qui,
933 1774 955 1823 si
977 1775 1026 1823 rius
1037 1773 1189 1834 retineatur,
1208 1771 1330 1836 corrigit,

226 1835 328 1886 sisssiti
338 1853 366 1887 uc
374 1839 504 1902 potentiam
514 1844 614 1887 ursas.
653 1837 726 1887 Nihil
743 1837 892 1888 mutandum
902 1838 996 1888 meritc
1014 1844 1121 1886 censent
1132 1836 1278 1887 Gronovius
1298 1843 1330 1886 et

228 1898 352 1961 Ryckius.
394 1902 465 1954 Quid
481 1901 508 1950 ui
521 1901 631 1962 dicutur,
652 1901 701 1949 uisa
721 1901 768 1948 riti
786 1903 818 1949 ad
835 1902 966 1964 potentian
990 1897 1099 1950 unere?
1137 1901 1197 1952 Jam
1216 1899 1330 1949 vidimus

227 1963 1047 2029 suprsAnuul.xarr.19.‘fsmspotentireuousuavinixar.'
1081 1965 1188 2014 Brstier.
1219 1964 1331 2015 Misus.

722 2121 831 2174 NOTAE

227 2248 351 2300 Danubio
359 2265 437 2317 nsque
449 2251 482 2302 sd
493 2253 664 2318 Euphratem,
672 2255 698 2304 iu
709 2253 759 2305 for·
798 2253 863 2318 egit.
895 2253 996 2306 citatus
1007 2252 1041 2303 ab
1060 2253 1217 2317 imperatore
1226 2266 1332 2316 nomeu,

229 2332 317 2374 tanam
337 2327 490 2391 Vespasiani
512 2331 691 2382 concedebant
706 2345 758 2381 om·
799 2329 925 2390 ordinem,
940 2331 1059 2393 patriam,
1079 2343 1213 2378 numerum
1229 2328 1331 2392 stipen-

229 2401 280 2450 niu.
799 2403 909 2466 diorum,
921 2419 978 2468 quse
989 2412 1095 2454 strenue
1106 2404 1131 2451 iu
1143 2404 1239 2467 preliis
1250 2401 1331 2453 fecia-

262 2483 272 2506 '
287 2475 321 2525 Ut
331 2475 397 2539 rsus]
411 2477 449 2528 Ut
466 2479 613 2544 Imperator
623 2481 688 2545 jam,
707 2497 759 2532 nau
799 2485 849 2540 set,
857 2479 901 2528 cui
912 2485 987 2529 eram
997 2479 1066 2529 dous
1073 2479 1204 2542 militsris,
1214 2478 1329 2530 edebat:

230 2558 260 2600 ut
270 2551 369 2614 legatus
380 2553 498 2605 Casaris.
799 2554 936 2620 sitribnnl,
952 2555 975 2605 si
998 2556 1065 2619 iegiu
1081 2555 1236 2606 iudustriam
1255 2555 1332 2606 iuuo·

261 2633 278 2660 '
292 2626 373 2691 Vicus]
388 2628 441 2680 Alii
450 2630 623 2694 simultas.
639 2632 685 2682 sed
694 2631 760 2683 frus·
799 2631 961 2695 ceausmqae
972 2629 1330 2695 approbaverant,retiuelsst

230 2707 279 2753 tra.
421 2745 426 2754 .
799 2703 918 2766 ordines,
936 2705 981 2755 ubi
1003 2706 1137 2754 avaritiam
1154 2712 1201 2756 aut
1216 2705 1331 2756 crudeli·

262 2785 275 2811 ¹
283 2779 323 2830 Ad
329 2781 470 2844 matiam]
480 2783 594 2833 vertunt
606 2781 638 2832 de
648 2783 759 2848 imperio:
799 2786 881 2830 tatem
890 2795 1017 2830 consensu
1025 2779 1236 2845 objectavissent,
1246 2780 1330 2830 solve·

230 2867 281 2902 uon
301 2859 388 2904 tamen
414 2857 523 2918 praecise
544 2858 581 2908 sic
608 2859 759 2909 sumendum
798 2854 874 2904 betur
894 2855 1004 2906 militia!

229 2928 289 2992 fuit,
303 2931 350 2980 sed
360 2931 393 2981 de
402 2935 509 2996 potentio
519 2935 681 2999 indistincte,
692 2943 720 2986 et
731 2937 758 2985 iu
828 2930 905 2983 Quod
917 2931 980 2981 licet
989 2930 1137 2992 favorabili,
1147 2933 1225 2983 immo
1235 2937 1266 2982 et
1282 2946 1330 2982 ue·

229 3019 335 3070 genere.
796 3006 906 3055 cessuria
917 3007 1051 3060 occasione
1063 3014 1174 3071 gestum,
1190 3015 1277 3058 tamen
1286 3023 1331 3058 ar·

261 3082 450 3147 Λάμιηείαηι]
466 3085 551 3134 Valet
565 3100 623 3134 mox
643 3085 675 3134 gd
692 3100 760 3136 rum.
797 3080 911 3143 guebsut
922 3081 1116 3144 imperitantes:
1130 3084 1175 3134 lib.
1186 3099 1207 3133 r.
1224 3089 1267 3134 6².
1285 3084 1330 3134 'li-

230 3171 298 3208 muru
308 3157 473 3221 festigiumsi
485 3174 558 3210 casus
567 3160 651 3212 daret.
796 3156 884 3206 bertus
901 3156 1050 3220 ‘gaudebuut
1069 3173 1219 3222 oppressura
1237 3159 1329 3210 sediti·

229 3273 233 3278 .
263 3231 465 3293 ilnterssctmm
477 3234 645 3286 centuriarum
666 3236 760 3286 ordisse
797 3247 889 3293 ouem;
906 3233 1033 3298 aedquod
1050 3234 1190 3298 largiendis
1212 3235 1330 3298 pecuniis

229 3308 359 3371 iegiomlm
378 3309 503 3374 ascedat]
523 3311 640 3374 licceat,
652 3319 681 3361 nt
696 3314 758 3377 ipsa
797 3316 826 3358 et
847 3308 967 3358 missione
986 3307 1110 3360 festinate
1125 3308 1239 3360 favorem
1262 3311 1331 3360 mili·

229 3383 342 3446 legiones
350 3384 587 3450 sibi,quosvelleut‚
594 3389 758 3446 centuriones
797 3391 852 3436 turn
864 3386 1036 3449 quaesivisset,
1046 3385 1139 3435 bellica
1150 3400 1253 3451 quoque
1262 3385 1332 3436 Ger·

229 3457 366 3522 eligerent.
399 3461 512 3511 Pieiesu.
797 3462 1153 3526 municipioriaaupebaturss

264 3534 442 3594 interfectorum
468 3540 630 3590 centurionem
655 3543 759 3606 ordines]
830 3541 937 3590 Ceteras
951 3539 1047 3591 suoru
1062 3555 1153 3591 musas
1171 3554 1223 3590 uou
1240 3553 1331 3602 perse·

230 3612 290 3665 Qua
300 3627 350 3664 nou
361 3615 442 3678 major
451 3617 519 3679 apud
537 3618 627 3682 vulgus
636 3621 758 3683 caligato-
798 3617 886 3680 quitur
896 3616 1013 3667 Tacitus.
1044 3615 1221 3668 Sedbaesatis
1231 3615 1331 3666 inteili-

230 3701 288 3739 rum
296 3691 439 3754 excogitari
445 3692 549 3742 licentia
555 3694 646 3757 potuit.
657 3696 758 3759 Nempe
798 3702 903 3757 giratur,
920 3709 999 3758 supra
1008 3709 1066 3757 cap.
1081 3698 1127 3748 ⁴0..
1140 3693 1147 3720 ‘
1158 3693 1227 3742 Satis
1236 3707 1331 3756 super·

230 3765 364 3830 megarius
380 3767 452 3816 miles
468 3769 494 3818 id
511 3769 560 3819 sibi
571 3771 719 3834 arrogabat,
729 3779 759 3822 ut
798 3786 848 3835 qne
861 3805 947 3822 .....
956 3770 1076 3820 mollibus
1092 3768 1217 3818 consultis
1234 3781 1330 3830 pecca·

230 3842 273 3891 vel
284 3843 376 3906 seipse
387 3843 505 3908 eligeret,
520 3846 559 3894 vel
572 3846 757 3903 turbidissimus
799 3847 877 3898 turar’
894 3852 989 3910 etcsp.
998 3851 1039 3897 td.
1065 3846 1240 3896 ‘Periculose
1254 3857 1330 3894 sere·

225 3931 347 3983 quosque
356 3933 386 3969 ac
394 3919 586 3968 deterrimosad
594 3921 759 3970 centuriona·
799 3922 872 3983 ritas,
900 3919 1028 3986 dsgitiosa
1055 3920 1175 3984 largitio,
1198 3933 1245 3975 seu
1265 3918 1331 3968 nibil

231 3999 287 4044 tum
297 4009 345 4059 pro
353 3995 428 4045 libito
436 3995 566 4045 creberet.
799 3996 940 4059 militl,seu
956 3995 1041 4045 omnia
1058 3995 1277 4057 concederentur,
1300 3993 1329 4046 iu

264 4071 341 4123 Quod
361 4071 420 4121 olim
441 4077 578 4136 usurparat
589 4071 760 4124 Genusuicus
800 4070 909 4137 ancipiti
919 4069 1092 4137 Respublica’

233 4145 331 4212 cestr,
340 4147 386 4198 lib.
397 4160 455 4201 xrv.
462 4145 470 4174 ‘
478 4146 691 4200 centurionatum
699 4149 760 4200 inde
