2925 4742
245 313 334 384 801⁰
604 304 638 384 c.
660 331 846 383 nonnanis
868 331 1000 383 raeiri
1185 337 1367 404 [sums.

247 475 358 559 quitus
372 474 525 541 instituta
538 465 785 542 exolescerent:
810 485 868 543 ant
882 477 1051 561 Principis
1063 478 1169 544 honor
1182 480 1218 542 in
1233 479 1365 564 cnjus·

246 596 348 661 quam
363 578 596 644 contumeliam
613 577 828 645 verteretur:J
858 579 1007 644 sufficere
1021 599 1135 644 omnes
1149 577 1362 665 ohsequiotk

245 677 281 742 id
302 679 411 761 magis
436 681 630 759 vitandum,³
655 701 697 746 ne
723 682 916 766 permeans
931 682 1155 765 quorundam4
1168 683 1362 748 irritaretur

246 781 388 857 animus,
411 801 498 848 novo
524 783 716 866 Principatu
741 801 931 866 suspensus,
955 789 990 846 et
1015 784 1124 846 vultam
1147 803 1284 867 quoque
1306 802 1361 847 ac

158 911 161 918 ·
246 899 411 948 sermones
435 885 582 949 omnium
605 889 897 969 circumspectans.
943 885 988 948 Se
1001 887 1201 948 meminisse
1222 893 1364 969 tempo-

244 1002 330 1061 rum,
345 986 466 1068 quihus
479 991 577 1050 uatus
592 989 647 1062 sit,
663 1006 765 1068 quam
780 986 926 1050 civitatis
940 986 1081 1050 formam
1094 993 1207 1069 patres
1221 987 1356 1069 avique

244 1084 461 1150 instituerint:
494 1087 650 1151 ulteriora
664 1083 798 1163 mirari,l
810 1087 994 1171 praesentia
1008 1089 1123 1170 sequit
1156 1090 1261 1152 honos
1270 1087 1360 1151 lm·

245 1193 415 1268 peratores
444 1193 523 1252 voto
553 1193 720 1270 expetere,
751 1187 1021 1271 qualescumque.
1037 1188 1208 1253 tolerare.¹⁸¹
1267 1187 1361 1252 Nou

241 1288 354 1370 magis
367 1307 431 1354 sua
445 1291 593 1354 oratione
606 1289 800 1363 Thraseam,
822 1307 921 1371 quam
929 1287 1062 1370 jndicio
1077 1289 1228 1365 Senatus,
1244 1288 1365 1353 affito

244 1395 323 1456 tum.
354 1390 527 1457 Saevitiam
538 1390 680 1455 Neronis
695 1409 755 1473 per
764 1387 969 1473 hujusmodi⁶
981 1389 1158 1472 imagines³
1167 1391 1361 1456 illusisw

244 1559 380 1627 accidisse,
391 1579 439 1615 cur
456 1572 546 1614 vetera
562 1564 681 1626 exempla
697 1563 896 1622 omitterentur3
922 1568 967 1611 aut
986 1579 1029 1612 car
1046 1562 1216 1627 impensem
1227 1563 1311 1613 decus
1323 1563 1357 1612 iu

244 1631 396 1695 cujusquam
407 1629 570 1692 ignominiam
582 1626 782 1676 transferretur:
806 1624 925 1675 sufficere
943 1641 1121 1689 quoscumque
1137 1636 1241 1690 patron
1261 1625 1358 1678 oficio

245 1703 273 1742 et
284 1692 375 1742 honori
386 1708 393 1740 z
410 1693 488 1754 idque
500 1693 586 1755 potius
597 1691 748 1749 carendum,
757 1704 789 1738 ne
800 1691 964 1740 contumacia
975 1691 1154 1740 nonnullorum
1164 1691 1358 1742 incenderetur

182 1759 191 1772 ‘
244 1759 342 1806 suimus
357 1757 501 1819 Vespasiani,
512 1769 578 1804 novo
598 1755 707 1818 imperio
724 1754 867 1816 ambiguus,
878 1762 906 1803 et
925 1753 1019 1803 faciem
1039 1769 1073 1804 se
1087 1769 1230 1804 sermonem
1242 1763 1358 1806 cauete-

243 1835 299 1870 rum
310 1820 455 1884 explorans.
487 1821 521 1868 Se
533 1827 655 1882 reputare
668 1819 752 1868 anione
764 1825 884 1881 tempora
902 1819 996 1882 quihus
1007 1827 1079 1868 onus
1091 1820 1135 1881 sit,
1145 1835 1223 1883 quam
1235 1820 1356 1883 Reipnh.

244 1885 357 1947 speciem
370 1891 457 1947 patres
468 1885 561 1948 avique
573 1883 752 1942 condiderint;
776 1897 801 1931 se
812 1884 959 1946 antiquiora
969 1882 1111 1946 wipere,
1131 1884 1272 1946 prasentia
1292 1897 1357 1933 sec·

243 1949 311 1998 tari:
336 1948 454 2011 egregios
466 1948 595 2011 principes
613 1949 676 1996 omni
693 1954 755 1996 voto
772 1953 906 2009 exoptare,
917 1947 1116 2011 qualescumque
1128 1947 1253 2011 perferre.
1286 1949 1357 1998 Nou

239 2015 325 2075 -ruagis
336 2027 382 2062 sua
391 2012 521 2061 sententis
530 2013 675 2074 perculsum
684 2011 836 2073 Thraseam,
849 2025 926 2074 quara
937 2010 1044 2060 secretu
1054 2016 1165 2074 patrum.
1199 2011 1356 2062 immamu-

243 2083 296 2126 tem
308 2077 421 2127 Neronia
438 2090 487 2141 per
504 2075 570 2125 tales
585 2080 728 2139 praetextus
746 2074 874 2124 delusisse
886 2073 1001 2124 mssa
1014 2076 1043 2125 P.
1055 2077 1086 2131 Q.
1097 2077 1130 2126 li.
1141 2090 1191 2126 nee
1202 2077 1288 2126 minas
1299 2075 1356 2126 sibi

222 2346 226 2354 '
243 2357 258 2400 t
280 2352 409 2404 Vitrarlssa
422 2367 558 2416 perperam
571 2352 689 2410 omissum
700 2351 726 2400 in
737 2353 803 2403 Mas.
816 2353 892 2403 Harl.
911 2352 986 2404 nott
996 2353 1052 2404 Jes.
1064 2351 1133 2402 sud.
1145 2350 1235 2402 Guelt'.
1268 2350 1356 2403 Aodi·

244 2423 298 2466 tum
312 2418 389 2466 estin
402 2417 515 2478 margine
528 2417 591 2465 lisa.
603 2417 677 2464 Harl.
690 2415 779 2466 Guelt'.
812 2417 970 2467 necue-t
986 2418 1030 2466 lta
1044 2417 1111 2467 hene
1123 2417 1187 2466 hias.
1200 2417 1271 2466 Flor.
1282 2418 1354 2479 Reg.

244 2479 324 2529 Corh.
336 2480 416 2530 editio
428 2481 556 2544 princeps,
568 2481 706 2529 Rhenanus
725 2488 754 2528 et
773 2482 941 2531 recentiores.
976 2480 1224 2531 armilatensi.
1243 2481 1302 2533 Jes.
1321 2487 1354 2531 et

243 2543 414 2606 Puteolanus,
423 2545 553 2608 punitorio
564 2545 707 2608 numquis.
741 2543 875 2595 Idem—tt
894 2546 1000 2595 Frustra
1011 2550 1096 2595 tentat
1113 2545 1354 2608 Rhenanuqmi·

241 2607 323 2656 siuet
358 2609 429 2657 Male
441 2609 492 2658 hia.
505 2609 583 2658 Corb.
595 2624 619 2658 se
630 2611 752 2657 manuae.
770 2609 935 2659 Breuem—ti
952 2611 1015 2660 hlss.
1032 2609 1112 2659 Cnrh.
1122 2615 1151 2658 et
1162 2609 1225 2672 Agr.
1234 2623 1280 2685 per
1290 2609 1353 2670 das-

242 2671 362 2786 anek-t
379 2672 431 2737 Ita,
449 2675 491 2722 uel
509 2673 627 2736 isinum,
647 2685 737 2722 omnes
756 2671 812 2722 t'ere
839 2673 903 2724 Mas.
944 2673 1016 2723 Male
1037 2673 1211 2736 Puteolanus,
1230 2673 1352 2724 mse.

270 2737 359 2786 rotier.

739 2849 848 2900 NOTAE

273 2966 282 3009 l
300 2964 421 3028 Principis
431 2964 504 3012 hnaor
514 2962 539 3011 ia
550 2959 683 3025 mua
694 2967 774 3011 wats-
814 2977 912 3028 upum,
931 2968 960 3013 at
979 2964 1093 3014 tolerent
1117 2969 1279 3027 constanter,
1301 2965 1350 3014 setl

241 3043 334 3091 meliust
351 3037 493 3100 retertur]
526 3037 632 3087 Passire
649 3037 774 3086 honorem
814 3055 888 3104 aequo
899 3039 992 3102 auimo,
1002 3041 1233 3105 reprehensionem
1258 3053 1292 3089 ne
1309 3042 1350 3091 sie

243 3116 353 3180 accipio,
364 3116 408 3180 qui
419 3113 519 3163 scilicet
530 3113 642 3176 principi
661 3113 773 3162 habeha-
815 3113 869 3163 sita
880 3116 957 3177 piena
968 3115 1003 3163 sit
1019 3115 1158 3165 anxietatis
1176 3130 1208 3164 se
1225 3115 1351 3166 mutatio·

242 3200 294 3254 tur,
311 3191 411 3256 legatos
431 3187 463 3238 ad
477 3201 541 3238 eum
557 3187 694 3239 mittendo.
729 3189 773 3237 Pi·
814 3189 871 3239 nis!

240 3270 321 3318 chenu.
845 3267 859 3297 ⁸
884 3265 1010 3314 &aumas
1030 3267 1134 3314 Neronis
1152 3280 1196 3328 per
1215 3263 1350 3325 wenedi

274 3344 413 3411 *Srsffioers
430 3357 507 3393 usuca
523 3341 641 3406 mstqsh]
673 3341 772 3403 idest,
812 3339 940 3402 misses]
973 3339 1349 3399 tuest,1teronenesstma·

241 3419 365 3471 sufficere
382 3420 460 3469 etiam
479 3419 677 3482 qualescumque
693 3417 772 3467 homi·
813 3416 886 3479 ginea
896 3419 982 3480 legum
996 3415 1204 3479 judiciorumque
1215 3427 1261 3463 seu
1269 3427 1349 3464 aecu-

241 3509 288 3546 ues
308 3495 392 3546 officio
411 3497 437 3543 in
458 3495 611 3558 principem,
633 3509 677 3542 seu
693 3493 772 3544 honae
812 3493 940 3542 munuum
951 3505 1097 3554 usurpasse,
1111 3490 1205 3553 quihus
1216 3489 1349 3539 ueritiam

241 3577 310 3621 artes
328 3569 440 3618 habeant
466 3576 511 3617 arat
537 3569 697 3629 industriam,
716 3570 772 3618 siue
812 3583 884 3617 auam
903 3569 1011 3628 velaret,
1030 3567 1120 3630 sicque
1143 3558 1266 3616 illuderet
1283 3564 1350 3614 ttet-

241 3649 326 3696 miuus
334 3645 398 3694 clari
412 3653 456 3692 aot
468 3643 550 3692 minos
562 3643 633 3706 digni
644 3645 703 3694 sint.
730 3643 772 3691 siti
813 3645 875 3708 puh.
887 3653 916 3695 et
925 3647 1048 3702 Senatum
1072 3657 1152 3705 seque
1163 3642 1308 3704 suscepisse
1320 3641 1352 3690 il-

240 3721 393 3786 dignitatem
404 3727 614 3769 tantulusenatus
625 3718 772 3782 respicitur,
812 3721 863 3771 lam
881 3719 1203 3782 accusationemxiuritum
1221 3726 1249 3766 et
1270 3731 1350 3768 coac·

240 3811 293 3848 nou
304 3797 337 3846 ad
349 3796 470 3859 singulos.
812 3804 876 3859 tom,
888 3798 1048 3859 gratiamque
1067 3794 1178 3844 Neronis
1198 3795 1247 3855 ipsi
1263 3791 1349 3844 fultae

273 3871 280 3906 ¹
307 3872 426 3921 Ulteriora
439 3868 535 3931 mirari]
566 3870 681 3933 Tempus
699 3871 771 3920 nimi·
812 3873 919 3936 perinde
930 3872 1046 3931 invisam,
1054 3885 1085 3919 ac
1096 3871 1287 3919 damnationem
1297 3877 1350 3920 aut

240 3939 396 3999 rumlihere
409 3945 574 4007 Reipublicae.
607 3946 683 3996 Sunii.
811 3947 1046 4011 suppliciumaliis.

272 4032 290 4060 ¹¹
309 4023 493 4084 Qaulesrsmpas
509 4021 621 4084 interm]
653 4021 771 4072 Julianus
843 4020 1347 4085 Perlqiasurorls'iruugiaeaittssisuffloe

240 4099 336 4162 imper.
348 4097 424 4146 Orat.
435 4101 460 4146 3.
476 4097 609 4148 ‘Suadere
629 4111 691 4146 vero
708 4099 772 4160 ipsis
811 4098 878 4148 dicit
886 4099 997 4162 Eprius:
1016 4097 1347 4160 Nunsemagiasaetorem

240 4173 359 4238 ducibus,
369 4186 402 4223 ne
414 4187 485 4238 egre
500 4173 586 4226 ferant
595 4173 772 4238 impotentiam
811 4173 984 4227 hortum&
999 4174 1085 4224 elatu
1101 4173 1171 4224 risos
1187 4172 1289 4224 Naeui
1303 4169 1347 4222 fu·
