2925 4742
218 268 308 339 m
577 286 610 335 c.
632 282 812 335 ooauuuu
836 280 963 333 rscrrr
1156 282 1204 355 [Α.
1215 286 1334 343 ussa.

266 434 323 499 64.
345 428 394 496 At
411 430 569 513 ptimores
588 430 736 497 civitatis
759 430 912 494 Flavium
929 428 1103 505 Sabinum,
1119 428 1335 495 Proeleotum

222 536 327 609 urbis,
350 535 489 596 sannis
511 532 718 595 sermonibus
741 532 932 609 incitabant,
959 531 1133 594 ‘victoria
1157 532 1338 615 farumque
1417 555 1418 609 l

221 640 349 718 partem
370 640 573 717 capesseret:
606 651 680 695 esse
705 632 755 694 illi
783 633 951 715 proprium
979 631 1112 694 militem
1137 633 1336 697 cohortium
1418 661 1419 693 l

223 736 465 799 urbanammzr
487 752 549 797 nec
574 732 742 797 defuturas
756 734 893 812 uigilum
917 731 1099 807 cobortes*
1123 734 1258 798 servitia
1272 734 1336 816 ip·

223 843 362 912 sorum,⁸
375 835 537 900 somonam
550 835 705 917 postium
729 838 764 897 et
785 834 895 897 omnia
908 852 1013 916 prona
1026 836 1222 899 victoribus.
1268 832 1336 897 Ne

225 934 374 1000 Antonio
388 934 546 1017 Varoque
560 933 602 997 de
623 933 728 1015 gloria
750 932 967 997 concederet.¹
1013 932 1169 999 Paucosl
1182 932 1335 1000 Vitellio

224 1036 386 1111 cobortes,
400 1039 433 1098 ct
445 1036 574 1099 moestis
588 1033 732 1115 undiquc
753 1034 876 1097 nuntiis
897 1034 1060 1116 trepidas:
1082 1036 1202 1120 populi
1216 1035 1336 1099 mobi-

224 1138 289 1201 lem
303 1138 466 1201 animum:
487 1142 533 1212 et,
556 1136 586 1199 si
610 1142 666 1199 se²
691 1134 821 1199 Ducem
837 1136 1049 1216 praebuisset,
1071 1137 1224 1201 easdem³
1246 1136 1335 1200 illas

226 1236 452 1303 adulationese
478 1258 539 1322 pro
562 1236 775 1321 Vespasiano
800 1234 883 1300 iore.
941 1236 1059 1320 Ipsum
1084 1236 1259 1302 Vitellium
1284 1255 1335 1301 ue

256 1454 409 1515 Atprsceres
422 1451 489 1502 aslis
504 1451 601 1501 mua
616 1448 738 1512 colloquiis
754 1446 904 1512 inpelbbut
922 1449 1031 1501 blaciam
1048 1450 1173 1511 Sabim,
1187 1450 1334 1515 prefects·

225 1518 342 1577 casua,
359 1524 390 1567 nt
406 1527 508 1579 partem
517 1520 660 1565 assumeret
670 1511 789 1562 victoriae
806 1513 964 1578 gloriaque:
982 1528 1039 1564 ease
1049 1516 1088 1565 illl
1107 1516 1226 1580 proprias
1236 1517 1333 1580 copias

225 1581 371 1631 cohortium
390 1580 561 1637 urbanarum
589 1585 618 1628 et
633 1590 781 1627 accessmas
800 1577 922 1627 cobortes
941 1578 1056 1641 vigilum,
1072 1577 1183 1629 familias
1202 1581 1335 1643 ipsorum,

224 1642 380 1694 felicitatem
392 1643 514 1708 partium,
524 1648 552 1692 et
562 1648 658 1691 cancta
668 1647 770 1704 promta
782 1638 920 1715 faciliaque
932 1642 1081 1693 victoribus.
1102 1644 1144 1693 Ne
1155 1645 1253 1695 decors
1263 1641 1334 1693 inse-

227 1708 279 1757 rior
290 1718 360 1757 esset
369 1706 486 1757 Antonio
496 1715 525 1755 et
534 1707 612 1755 Varo.
646 1704 747 1753 Paucas
764 1705 844 1752 messe
855 1705 963 1755 vueltto
974 1708 1103 1771 cobortes,
1114 1714 1141 1757 et
1152 1708 1271 1757 tristibus
1283 1722 1334 1757 un-

226 1771 415 1885 dicpp'eeuuntiis
430 1770 587 1830 exterritas3
602 1768 749 1843 instabilem
761 1769 844 1845 altimo
856 1768 1032 1846 plebeculam
1050 1778 1086 1834 et,
1105 1774 1126 1821 si
1139 1786 1166 1820 se
1178 1771 1272 1821 ducent
1282 1771 1333 1820 ob·

226 1836 264 1885 tal
318 1842 338 1900 t,
354 1835 411 1885 illas
427 1834 496 1900 ipsas
508 1840 695 1883 assentationes
706 1832 865 1894 Vespasiano
878 1841 1034 1897 rugestnrarn
1046 1848 1112 1886 esse.
1144 1834 1234 1899 lpsurn
1243 1834 1334 1884 Vitel-

683 1967 865 1989 ”eunoun

260 2073 274 2116 1
292 2068 364 2117 Male
382 2068 434 2117 bis.
453 2067 522 2131 Reg.
533 2074 561 2118 et
578 2067 660 2119 editio
675 2068 808 2131 princeps,
824 2068 949 2116 maderet.
967 2064 1131 2115 Brotier.-·l
1148 2065 1200 2115 bls.
1211 2064 1292 2117 corb.
1304 2074 1336 2115 et

227 2131 308 2182 editio
320 2133 452 2198 princeps,
460 2132 483 2181 si
492 2135 574 2182 seces
583 2136 665 2183 ss.—⁸
682 2133 736 2183 bis.
748 2130 829 2183 Corbu
837 2146 877 2181 ess
886 2131 996 2179 illan-⁴
1012 2129 1127 2180 Bodens.
1138 2135 1252 2179 md.

725 2306 833 2358 NOTAE

228 2444 452 2508 promittentibus:
469 2446 593 2497 ‘Nedum
608 2447 711 2496 Prinna
727 2462 759 2497 ac
799 2446 906 2510 vigilum
924 2458 1021 2495 rnorem
1042 2450 1070 2494 et
1088 2442 1216 2494 lernam!
1249 2442 1337 2505 Bene,

228 2518 484 2570 rmus....num
510 2522 537 2570 in
556 2522 690 2571 Vitellium
708 2522 759 2571 nisi
798 2521 883 2579 siaat,·
898 2520 1040 2583 samnito,
1058 2518 1188 2584 Appiarie,
1204 2518 1337 2569 siniser-

199 2644 203 2653 ,
227 2592 506 2646 seeidwdilioeatiaaa
517 2597 646 2647 babeant!
800 2610 850 2647 ras.

259 2676 271 2713 t
288 2670 428 2721 mas
443 2672 600 2737 mua]
623 2673 691 2726 Qua
708 2672 760 2738 ipsi
831 2675 982 2739 Sparteolos
993 2675 1039 2725 bos
1048 2673 1338 2724 militesrocareinter·

227 2744 394 2811 obediebant,
414 2754 447 2797 nt
466 2748 596 2813 prefecto
619 2750 704 2811 rsrbis3
730 2756 760 2799 et
800 2765 861 2814 pres
883 2750 1015 2802 luvenalis
1044 2750 1159 2811 videtur,
1191 2748 1269 2799 Satis.
1292 2752 1338 2799 lt.

228 2822 348 2872 cobortes
358 2824 463 2887 vigilan
479 2826 558 2875 etiam
574 2826 602 2875 in
620 2827 700 2891 ipsias
714 2840 761 2890 po·
800 2828 828 2876 in
850 2827 931 2876 illud:
948 2828 965 2891 ᾖ
978 2825 1121 2890 Dispositis
1142 2823 1269 2889 praedives
1291 2822 1338 2873 ba-

227 2904 334 2961 testate,
343 2913 402 2948 cum
413 2914 479 2963 opas
488 2906 567 2950 esset.
801 2900 867 2952 mis)
911 2902 985 2952 ‘Per
1007 2902 1219 2963 translationem‚’
1239 2898 1339 2963 inquit,

261 2972 400 3036 ¹va5uun
416 2975 533 3037 umes]
554 2978 626 3028 Quas
641 2976 761 3039 principe
799 2977 964 3042 ‘disciplina
992 2977 1111 3027 militaris
1137 2976 1336 3039 Sparteolorum

229 3047 350 3110 Augusto
367 3049 502 3099 institutas
515 3051 568 3099 Dic
584 3051 678 3101 scribit
693 3050 761 3100 libro
802 3052 902 3113 Romae,
917 3066 1026 3117 quornm
1043 3053 1165 3102 cobortes
1181 3050 1208 3099 in
1223 3050 1335 3109 tutelam

228 3136 275 3174 av.
286 3122 366 3187 islque
375 3122 458 3173 reiert
473 3124 501 3173 in
517 3139 611 3174 annoso
622 3126 692 3176 urbia
701 3130 761 3177 ⁷69.
800 3128 946 3191 urbis,cum
955 3128 1036 3179 barnis
1045 3134 1073 3178 et
1084 3144 1142 3177 cnm
1151 3142 1227 3193 aqna,
1235 3127 1337 3190 vigilias

230 3196 306 3249 Idem
323 3200 421 3250 Paulas
440 3202 549 3251 tradiffit
566 3202 633 3253 libro
654 3204 761 3267 proprio
801 3219 892 3255 curare
903 3210 1092 3255 compererunt
1101 3202 1213 3253 viclbas'
1229 3202 1337 3266 lipsiss.

228 3274 264 3325 se
275 3273 363 3325 allicio
373 3274 503 3327 Praefecti
514 3277 629 3342 vigilum,
648 3284 679 3327 ut
689 3279 763 3329 sities
833 3288 846 3315 ⁸
860 3280 967 3329 &citio
977 3279 1092 3343 ipsoram]
1109 3278 1228 3341 ipsorum
1239 3276 1339 3341 primo·

229 3350 258 3401 ln
270 3351 421 3403 Pandeetis.
801 3355 992 3415 constellatio,
1002 3354 1046 3419 qui
1056 3354 1189 3418 ingentem
1201 3366 1338 3402 numerum

264 3424 387 3490 Appiano
407 3434 494 3477 umen
512 3428 576 3492 quisi
594 3428 651 3490 liet,
671 3430 716 3493 oni
735 3430 762 3479 in
801 3444 932 3480 servornm
944 3430 1013 3478 domi
1024 3429 1146 3479 habuere.

231 3500 397 3551 tmmrirato
413 3502 506 3565 vigiles
521 3505 629 3567 repes-lt,
645 3511 674 3553 et
691 3505 763 3554 insti·
834 3504 846 3538 δ
863 3504 966 3567 Pacem]
982 3505 1049 3554 Tres
1060 3504 1116 3554 scil.
1127 3508 1225 3553 ceterae
1237 3502 1280 3553 rel
1292 3502 1338 3552 de·

232 3582 304 3627 tatos
315 3578 373 3626 volt
390 3578 515 3642 Pompeio
529 3579 557 3627 ln
570 3580 660 3629 Sicilia
670 3582 762 3632 vieto?
801 3580 874 3641 (lita,
894 3581 936 3629 rel
957 3594 1016 3629 cum
1036 3580 1188 3629 hvitellio
1206 3576 1289 3629 fratre
1309 3578 1337 3627 in

231 3650 266 3701 td
283 3658 352 3702 esset
372 3654 480 3717 triginta
497 3668 573 3718 pene
592 3663 653 3706 aute
672 3658 764 3707 llioais
802 3656 1037 3719 Campaniaeraut.

231 3728 397 3779 traditionem
407 3731 489 3781 annis.
712 3736 716 3741 ’
835 3734 939 3796 Pascua]
954 3733 1019 3781 Tres
1035 3732 1166 3793 cobortes,
1185 3728 1231 3779 sed
1248 3736 1277 3778 et
1293 3728 1339 3778 asl-

263 3804 361 3854 Seribtt
379 3806 455 3855 Cicil.
477 3809 495 3854 l.
509 3819 537 3855 v.
553 3808 677 3858 Sabinum
696 3824 763 3872 pree·
803 3809 966 3857 erestetiarn
976 3807 1086 3871 equites.
1120 3802 1266 3856 Narniul'rs
1275 3805 1340 3853 mix·

230 3878 473 3932 immacutaare
489 3882 621 3933 adtucbas
638 3893 667 3935 et
685 3888 764 3935 latro-
804 3890 846 3933 tus
869 3884 1009 3934 Vitelliano
1034 3882 1117 3947 pediti
1144 3896 1224 3947 eques
1252 3887 1340 3931 certat

233 3955 302 4007 cute
322 3959 350 4007 in
372 3960 436 4009 urbe
457 3968 536 4023 atque
555 3959 632 4009 ltalia
652 3963 763 4024 ooaapri·
802 3958 927 4010 adrerum
937 3960 1059 4009 Petilium
1070 3960 1199 4009 Cerialem
1217 3957 1267 4008 aab
1283 3970 1340 4006 atu·

227 4032 343 4083 nassae
365 4033 493 4100 ‘Atqsn’
514 4042 544 4086 ut
559 4035 640 4101 acciit,
659 4038 712 4087 ‘ex
730 4052 764 4089 eo
801 4050 848 4086 ros
859 4035 938 4085 urbis.

234 4111 353 4171 ηιμ
372 4108 448 4160 duat
466 4110 589 4163 mnaso
608 4118 764 4164 assumam
836 4110 1030 4175 ‘Adsistissesl
1046 4110 1157 4161 Eosdem
1175 4109 1233 4160 illas
1248 4108 1339 4161 stitia·
