2925 4742
106 335 252 401 mm
456 324 728 380 rrrsronrnauu
754 330 830 380 ern.
853 329 906 382 rr.
1138 317 1228 384 itr29

106 481 161 544 eia
176 485 355 544 nanterum
369 481 711 561 propugnatorumque
730 472 981 562 impediebant:
1003 498 1085 544 mox
1108 483 1224 546 contra

105 581 256 659 tendere,
271 587 304 645 et
314 599 446 664 puppes
461 579 575 644 hostili
590 579 676 663 ripae
689 579 836 663 objicere
844 575 862 644 :i
884 579 928 644 ad
950 588 1154 664 postremum
1164 601 1226 664 gn·

104 683 302 748 bernatores
319 681 609 764 Ceumriouesqne,
623 681 690 744 nisi
712 680 831 746 eadem
854 681 1016 760 volentes,
1040 681 1221 760 trucidant,

107 783 219 850 donee
234 787 393 850 universo
405 789 548 868 quatuor
560 789 593 848 et
613 785 728 866 viginti
754 786 890 850 narium
905 769 1026 848 elassis
1039 785 1225 868 heusinge-

106 893 166 965 rer,
183 898 247 954 aut
262 895 446 971 caperetur.

150 991 210 1054 17.
235 989 336 1053 Clara
347 1007 388 1051 ea
402 987 544 1052 victoria
554 988 587 1050 in
601 1005 762 1069 praesens,
773 989 808 1051 iu
822 993 991 1071 posterum
1006 989 1097 1055 nsui:
1118 1009 1227 1054 arma·

106 1109 175 1174 que
201 1095 237 1152 et
259 1086 381 1164 naresi
397 1089 518 1170 quibus
546 1085 748 1170 indigebant,
772 1089 897 1172 adepti,
920 1109 1044 1172 rumne
1066 1109 1127 1173 per
1139 1090 1225 1155 Ger·

107 1194 245 1256 manias
259 1191 461 1273 Galliasque
486 1189 587 1266 fama,
604 1195 613 1226 ⁴
630 1191 793 1254 libertatis
817 1189 983 1254 auctores'
1011 1192 1228 1255 celebraban-

106 1301 186 1357 tnr.¹
235 1291 426 1357 Germauire
453 1293 563 1356 statim
588 1293 707 1356 misere
733 1292 877 1374 legatos,
893 1292 1024 1356 auxilia
1042 1293 1226 1359 offerentes.

107 1394 308 1460 Galliarum
332 1395 523 1458 societatem
541 1392 662 1457 Civilis
678 1398 748 1456 erte
762 1393 925 1476 donisque
940 1393 1129 1470 affectabat,
1144 1412 1227 1476 eap-

106 1503 162 1562 tes
177 1498 368 1562 cohortium
383 1493 568 1560 Praefoctos
582 1511 663 1560 snus
686 1497 720 1559 in
747 1496 901 1559 civitates
922 1495 1136 1560 remittendo:
1167 1514 1225 1559 co-

106 1597 278 1675 hortibus,
290 1597 393 1672 abire,
410 1611 453 1658 au
475 1615 609 1660 manere
633 1585 776 1673 mallent,
791 1597 870 1660 data
891 1601 1069 1680 potestate:
1092 1614 1226 1660 menen·

107 1701 204 1764 tibus
218 1699 381 1764 honorata
394 1698 512 1762 militie
522 1717 531 1778 3
542 1693 555 1733 ²
578 1697 840 1782 digredientibus
854 1698 966 1782 spolia
979 1697 1224 1762 Romanorum²
1312 1728 1316 1735 ⁴

110 1799 347 1878 offerebantur.
391 1799 499 1864 Simul
522 1801 661 1864 secretis
686 1802 895 1864 sermonibus
909 1799 1112 1865 admonebat
1126 1804 1136 1833 ‘
1150 1820 1223 1865 ma·
1316 1787 1322 1791 ’

110 2059 256 2110 manne:
272 2044 326 2096 dein
337 2046 519 2106 eentrnniti‚et
536 2061 624 2112 puppes
641 2045 722 2096 hostili
740 2046 818 2095 littori
834 2060 960 2110 opponere:
977 2047 1070 2094 danaen
1085 2043 1227 2093 obtruncant

110 2117 215 2160 reetoree
234 2115 257 2158 et
273 2111 429 2174 centuriones,
438 2111 485 2160 nisi
496 2115 576 2160 endem
589 2111 717 2175 eripientes,
726 2113 797 2160 mee
813 2115 864 2159 totu
881 2111 964 2159 rhesis
979 2115 1080 2174 quatuor
1095 2113 1119 2157 et
1134 2109 1225 2170 viginti

111 2177 210 2225 ιωίιιπ
221 2178 336 2222 transiret
350 2175 382 2223 ad
395 2177 489 2230 hoster,
500 2181 542 2224 out
551 2181 737 2238 expugnaretur.

144 2239 256 2300 insignis
266 2253 294 2288 eu
302 2237 402 2287 notorio
415 2242 446 2287 ud
455 2254 568 2302 presens,
577 2248 605 2288 et
613 2239 755 2298 infuturum
766 2239 846 2288 utilis:
862 2239 978 2300 oratuque
987 2246 1011 2288 et
1020 2237 1135 2300 nangiis,
1142 2237 1225 2302 quibua

110 2317 170 2367 epea
188 2304 316 2362 Mbebnnt,
333 2303 415 2368 potiti,
433 2317 518 2366 magno
537 2305 619 2353 decore
632 2319 677 2368 per
695 2304 837 2352 Germanias
859 2303 1081 2366 Gnutarqnmetnt
1097 2304 1226 2354 libertatis

114 2375 262 2416 assertores
284 2367 467 2417 extollebantur.
503 2369 633 2427 Confestim
654 2367 817 2417 eGrrmeniis
834 2368 901 2416 russi
923 2373 1035 2427 oratores,
1051 2370 1092 2431 pei
1108 2371 1187 2432 copiae
1202 2371 1226 2417 et

37 2441 41 2452 ¹
111 2447 180 2493 opera
190 2433 367 2494 promitterent.
392 2433 572 2480 Cinilienrteet
585 2433 719 2481 maneribus
728 2431 1226 2496 mpebntrrrseduanltiurernriteqee

111 2497 237 2559 prefero:
255 2497 394 2554 cohortium,
413 2496 453 2558 qui
473 2501 583 2544 rorant
605 2498 631 2546 in
652 2501 800 2558 putenm,
819 2498 1156 2554 inueseinitnterreerittitr
1172 2512 1227 2546 een·

112 2574 177 2608 cessa
188 2560 257 2609 neuin
268 2561 410 2618 cohortibus,
423 2574 467 2608 seu
478 2561 609 2621 obscedere,
620 2561 669 2609 eine
679 2576 801 2609 rennuere
810 2562 919 2609 nullent:
932 2559 1075 2624 offlrebster
1085 2561 1228 2612 rennuenti«

115 2623 158 2672 ber
172 2625 283 2673 trudas
301 2625 326 2672 in
348 2623 407 2672 bello
425 2625 517 2684 gradus
542 2639 582 2673 serr
605 2625 686 2681 locun
702 2625 843 2673 obeuntibus
849 2627 940 2687 prede,
949 2631 974 2673 et
993 2640 1048 2687 oper
1057 2625 1226 2674 Ronnnmrn.

118 2688 199 2738 Elian
206 2689 302 2737 meante
313 2688 433 2752 reliqniis
443 2687 594 2738 mear
606 2701 746 2751 erumnas,
755 2703 818 2752 quas
828 2703 876 2752 per
888 2695 929 2738 tot
941 2702 1019 2737 annes
1029 2691 1108 2752 pessi,
1120 2691 1227 2738 misera-

281 2951 295 2994 ι
314 2943 364 2996 Ms.
376 2945 452 2997 llari.
463 2945 668 2996 celebrantem—i
683 2945 736 2995 bls.
748 2943 814 3010 Agr.
823 2944 899 3009 epoho
916 2945 1029 2994 Roma.

619 3135 730 3188 NOTAE

149 3285 157 3318 l
173 3285 270 3348 Pappa
279 3283 361 3333 tortili
371 3285 432 3348 ripe
442 3285 552 3349 nutem]
569 3285 653 3336 Prora
726 3283 778 3334 Sed
790 3292 845 3335 tum
856 3285 902 3347 sic,
910 3297 978 3333 nune
991 3297 1052 3334 rere
1061 3283 1139 3347 longe
1150 3283 1228 3332 aliter

119 3361 187 3410 enim
200 3361 332 3409 lacessere
339 3361 486 3410 debuerunt
493 3361 617 3420 liataros,
626 3369 653 3410 et
693 3376 720 3411 se
733 3375 775 3410 res
786 3361 892 3411 babent.
920 3359 990 3409 Puto
1000 3360 1118 3424 equitntu
1129 3371 1228 3423 praera-

119 3439 156 3487 sie
168 3451 276 3501 proram
286 3437 403 3500 objicere
414 3437 501 3486 hostili
514 3438 587 3501 ripa,
603 3450 653 3486 non
694 3438 776 3486 luisse
787 3438 910 3494 hieros,
928 3435 989 3500 quia
999 3435 1070 3485 Galli
1090 3435 1151 3498 ipsi,
1167 3434 1230 3498 quie

119 3527 231 3579 puppes.
249 3514 300 3563 Sed
313 3513 423 3577 moriger
430 3515 525 3564 Bateni
538 3527 653 3579 pugnare
694 3511 779 3563 sortes
789 3514 848 3571 riri,
858 3520 885 3561 et
902 3511 928 3561 in
947 3511 1041 3562 eastris
1051 3511 1124 3560 Rom.
1137 3523 1230 3574 perpe·

118 3591 144 3640 in
162 3605 224 3642 sues
244 3589 361 3650 noluere,
380 3589 412 3639 ad
424 3605 488 3655 qnos
500 3590 604 3640 demum
625 3598 654 3640 et
695 3597 741 3642 tuo
752 3589 908 3650 militabant,
918 3597 999 3653 atquae
1008 3587 1036 3636 in
1047 3587 1229 3651 expeditiones

119 3667 230 3718 transire
242 3667 397 3716 maluerunt.
695 3667 850 3730 longinquas
866 3663 1075 3725 abducebantur,
1093 3669 1122 3712 st
1140 3663 1231 3727 preenl

147 3742 156 3787 t
172 3744 294 3806 Armene
312 3748 336 3790 et
350 3739 432 3804 nam]
450 3741 536 3791 Annis
556 3741 656 3806 indige·
695 3757 768 3792 asna
778 3743 875 3799 Gallia,
886 3756 932 3791 sen
944 3739 1094 3790 Germania.

120 3819 184 3868 bant
205 3819 310 3879 Batavi,
331 3819 472 3882 qnia‘riros
491 3827 519 3868 et
540 3831 611 3866 erma
627 3823 655 3866 et
727 3815 741 3851 ¹¹
757 3816 1107 3879 remanseramus,
1129 3812 1231 3863 Hones-

119 3895 244 3944 rlrtntem
265 3893 377 3956 imperio
401 3893 598 3954 ministrabant;
627 3897 655 3942 et
698 3892 845 3955 tusgradns
859 3889 976 3952 tubello,
995 3889 1105 3940 cuilibet
1120 3901 1168 3953 pro
1184 3899 1231 3936 sna

116 3984 197 4020 nares
209 3970 279 4020 torte
299 3967 449 4032 prohibite,
466 3975 511 4019 sut
528 3970 656 4033 abrepere,
696 3978 776 4031 sorte,
788 3967 1009 4034 splendidioribus
1028 3964 1115 4013 munia
1133 3960 1231 4011 etheis·

120 4048 159 4096 vel
171 4047 265 4104 nullae;
282 4051 310 4094 et
328 4044 369 4092 hie
389 4043 476 4093 mirari
494 4042 574 4106 subit,
586 4043 655 4108 qued
697 4057 758 4108 qne,
774 4043 883 4110 plebeiis
904 4055 965 4092 vere
976 4037 1106 4104 stipendis
1121 4036 1231 4101 majora,

121 4121 223 4184 batavi,
234 4119 384 4170 habitantes
395 4119 512 4183 insulam,
520 4119 655 4184 prepollo·
696 4123 747 4170 tce.

119 4207 163 4252 ant
172 4197 306 4266 amiate,
317 4202 345 4246 et
357 4195 463 4246 naribus
474 4195 618 4261 indigeant.
