2925 4742
142 334 278 399 acan]
509 324 777 377 nassonraaun
802 327 878 376 ura.
902 328 936 376 u.
1166 316 1256 387 τω)

145 496 224 542 nes:
253 478 299 540 ee
314 472 433 540 civilis
455 472 505 537 ita
528 468 652 555 coepit:
677 470 744 535 ‘Si
765 473 856 556 apnd
877 472 1004 539 Vitellii
1025 474 1257 560 legatumne-

144 577 312 657 tenderem
342 594 452 660 nequo
473 573 565 639 facto
583 591 658 637 meo
672 573 786 652 venia,
801 594 910 658 neque
924 574 1025 641 dictis
1041 579 1135 657 tides,
1152 579 1253 647 ‹lebe-

143 681 252 745 batur.
298 678 423 744 Cuncta
438 678 523 742 inter
542 694 602 739 nos
623 675 773 753 inimica,
788 676 935 755 hostilia,
950 681 1065 744 abillo
1081 674 1220 765 coepta,¹
1234 702 1257 749 a

143 801 198 845 me
212 788 313 847 aucta
326 786 429 846 erant.
464 778 554 863 Erga
562 776 812 865 Vespasianum
823 785 918 845 vetus
929 780 1009 845 mihi
1023 783 1254 849 observantia:

143 888 187 963 et,
202 904 279 949 cum
291 883 442 968 privatus
456 880 567 957 esset:
579 880 678 945 amici
694 882 909 948 vocabamur.
955 882 1034 949 Hoc
1055 882 1169 951 Primo
1183 886 1256 952 An-

143 986 237 1049 tonio
261 989 387 1061 notum,
413 984 510 1069 cujus
534 981 686 1066 epistolis
711 982 755 1046 ad
778 983 901 1047 bellum
926 985 1056 1050 accitus
1084 1006 1170 1064 snm,
1199 995 1254 1054 net

143 1084 354 1153 Germanicae
378 1087 535 1169 legiones,
565 1091 599 1150 et
620 1082 757 1148 Gallica
775 1085 945 1170 juventusu
961 1084 1067 1169 Alpes
1089 1070 1256 1153 nauscam

142 1302 231 1351 daces:
247 1306 271 1350 et
285 1299 371 1351 Civilis
381 1300 418 1349 ita
429 1298 551 1349 disseruit:
569 1299 596 1348 Si
609 1298 706 1349 crimen
725 1300 852 1349 diluerem
866 1301 936 1364 apud
948 1302 1062 1365 legatum
1073 1301 1191 1365 Vitellii3
1207 1320 1254 1357 ns·

143 1380 196 1430 que
207 1365 316 1415 facinori
326 1380 385 1416 meo
405 1364 499 1428 gratia,
511 1378 597 1428 neque
610 1365 695 1413 verbis
707 1364 784 1427 tides,
794 1364 912 1415 adhiberi
923 1365 1043 1417 deberet.
1076 1368 1173 1419 Omnia
1189 1370 1255 1419 invi·

143 1444 202 1481 cem
213 1427 324 1490 infensa,
335 1439 362 1479 et
374 1430 485 1486 inimica,
496 1444 549 1492 qun
559 1428 592 1477 ab
603 1429 648 1479 illo
658 1428 813 1491 inchoatas
824 1445 864 1479 me
876 1430 977 1492 longius
986 1431 1099 1494 impulsa
1108 1438 1191 1483 erant.
1216 1434 1255 1483 At

142 1510 205 1559 erga
214 1494 403 1558 Vespasianum
416 1494 500 1558 prisca
512 1493 574 1541 milri
584 1494 727 1543 reverentia
739 1512 745 1543 :
764 1504 801 1555 et,
813 1508 873 1545 cum
885 1498 1001 1558 privatus
1012 1505 1112 1559 ageret,
1123 1498 1198 1547 amici
1208 1513 1256 1561 ap·

142 1558 314 1623 pellabantur.
349 1558 380 1607 ld
390 1558 478 1607 Primo
490 1557 604 1608 natanto
622 1567 782 1619 compertum
792 1564 837 1620 eat,
848 1560 920 1622 cujus
931 1560 1014 1610 literis
1024 1561 1056 1611 ad
1069 1576 1142 1611 arma
1152 1560 1254 1612 excitus

142 1639 211 1687 sum,
222 1638 255 1673 ne
266 1624 381 1689 legiones
393 1622 568 1683 Germanice,
584 1630 611 1672 et
621 1622 723 1672 Gallica
735 1623 832 1675 arixilia
842 1624 1051 1675 transmitterent
1061 1626 1153 1690 Alpes.
1186 1626 1253 1679 Qun

625 1796 725 1819 cuono
728 1798 786 1818 ouo

143 1916 253 1967 tlon-t
270 1915 312 1965 lta
324 1914 377 1964 ills.
388 1916 458 1965 Flor.
468 1914 585 1964 Picbena
596 1921 622 1963 et
634 1916 804 1967 recentiores.
838 1918 873 1966 Et
886 1918 986 1966 abesto
998 1918 1062 1967 Mas.
1074 1917 1162 1967 Vatic.
1176 1922 1250 1968 lete.

143 1980 219 2031 Harl.
237 1979 313 2029 Boot.
348 1977 480 2029 Omiserat
496 1994 599 2044 quoque
617 1979 836 2031 Puteolanus-ll
854 1983 904 2033 Ms.
922 1982 999 2031 Harl.
1011 1988 1038 2031 ut
1060 1983 1251 2032 Germanice.-

641 2141 749 2191 NOTAE

142 2279 303 2343 Euphratem
320 2278 432 2329 corbolo
449 2278 596 2329 interscidit
613 2292 676 2342 pon·
717 2279 804 2329 liano:
823 2281 868 2330 scd
879 2281 906 2330 id
917 2282 950 2332 ad
962 2287 1119 2344 praetextum
1127 2280 1190 2331 belli
1201 2280 1252 2332 sut'·

142 2365 206 2417 tem,
217 2370 276 2406 oum
287 2356 380 2418 legati
397 2355 554 2404 Parthorum
565 2355 676 2404 collocu-
717 2354 832 2406 liciebat.
867 2356 1008 2421 inceperat
1024 2358 1111 2407 odium
1123 2359 1251 2410 Civilisin

144 2438 230 2492 turus,
240 2431 327 2481 Dione
340 2438 417 2480 teste.
718 2431 849 2482 Romanos
856 2434 913 2495 jam
925 2440 1041 2499 tempore
1052 2434 1176 2484 Neronis.
1193 2436 1252 2486 Nec

175 2506 297 2569 Nabalia]
322 2507 441 2570 Navalia,
457 2512 534 2555 antea
545 2506 616 2565 Sala,
630 2504 678 2554 flu·
718 2507 764 2555 abs
776 2521 809 2555 re
825 2521 840 2554 a
858 2507 960 2556 Vitellii
974 2508 1033 2556 odio
1051 2510 1144 2558 transit
1163 2510 1197 2559 ad
1208 2510 1253 2560 ob-

143 2584 213 2647 vius,
231 2584 415 2633 Bructerorum
427 2582 562 2645 majorum,
585 2581 678 2645 Usipe-
718 2583 875 2631 servantiam
886 2582 912 2630 in
924 2583 1120 2645 Vespasianum.

144 2658 407 2721 turn‚Marsacorum,
422 2663 451 2706 et
469 2657 614 2705 Tubantum
633 2672 677 2719 po·
750 2660 759 2689 ⁸
775 2660 872 2707 Etcum
881 2660 989 2721 peltatas
998 2659 1068 2722 met]
1084 2660 1252 2711 Debocloco

141 2736 270 2800 pulcrum,
280 2736 307 2783 in
322 2733 462 2785 Germania
473 2748 574 2796 magna,
584 2748 677 2783 exone·
717 2735 799 2784 sensit
813 2734 932 2784 Sidonius
950 2735 975 2783 in
995 2736 1130 2798 epistolis:
1155 2736 1252 2787 ‘citos

143 2816 187 2860 rat
212 2824 239 2857 ae
261 2811 288 2858 ln
311 2810 450 2858 Flevoncm
473 2810 572 2858 lacum:
599 2808 676 2857 hodie
716 2811 832 2871 Tacitus,
850 2826 865 2859 e
882 2810 1027 2873 majoribus
1047 2825 1112 2859 unns
1130 2810 1251 2870 tuis,sub

142 2888 202 2937 lsacl
221 2886 263 2935 vel
285 2886 361 2945 Vnst,
376 2886 471 2935 labitur
489 2899 536 2949 per
553 2884 676 2934 ducatum
716 2886 803 2935 verbis
823 2886 957 2949 cujusdam
974 2886 1124 2936 Germanici
1135 2887 1208 2937 dacis
1223 2888 1251 2936 in

142 2962 246 3021 cliviae,
259 2963 411 3011 comitatum
423 2962 587 3025 Zutpbaniae‚
598 2960 676 3011 duca·
716 2960 825 3010 historia
836 2976 883 3010 sua
895 2962 1001 3011 retulit:
1020 2977 1077 3011 cum
1089 2963 1250 3026 Vespasiano

142 3046 206 3099 tum,
223 3038 358 3089 Gueldrioe
377 3046 406 3087 et
426 3036 566 3089 dominium
584 3038 675 3085 Trana·
716 3036 778 3085 mibi
790 3043 863 3086 vetus
874 3037 997 3098 amicitia,
1011 3043 1040 3086 et
1057 3037 1118 3087 dnm
1135 3038 1251 3099 privatus

142 3115 220 3165 Isaiae
234 3115 275 3163 vel
286 3114 430 3176 oter-mer,
449 3118 528 3175 atque
548 3114 574 3161 ia
594 3112 675 3161 sinum
717 3119 796 3174 esset,
806 3113 880 3161 amici
893 3112 1065 3161 vocabamur.’
1080 3112 1185 3175 lipsiae.

73 3192 75 3195 ’
142 3190 288 3254 zenan-ue
298 3191 419 3252 erumpit.
442 3188 600 3239 T's'llrmoaiua.
751 3190 812 3237 Cana
819 3190 928 3251 priuatas
937 3193 1007 3250 esset,
1015 3188 1087 3237 naalol
1100 3187 1250 3252 wcabamar]

175 3266 417 3329 'landuabruptn
427 3264 560 3329 progressi]
581 3264 675 3329 Sisque
717 3264 802 3314 Quam
821 3263 847 3311 id
866 3263 904 3312 tui
930 3263 1010 3327 genii,
1039 3263 1143 3312 Tacite!
1172 3277 1250 3327 qnam

143 3342 175 3393 ad
188 3342 307 3395 vitandas
327 3344 443 3406 insidias,
459 3343 568 3407 quilibet
586 3357 618 3391 ex
630 3356 676 3391 sua
717 3340 793 3387 rere!
813 3337 882 3389 Ante
893 3336 1025 3387 fortunam
1037 3338 1131 3396 socius,
1143 3338 1250 3403 anricus,

143 3420 319 3491 partestabat
340 3420 366 3467 in
385 3419 435 3468 illis
453 3419 570 3483 abruptis
588 3418 675 3483 pontis
714 3414 820 3473 omnis;
838 3421 897 3477 post
909 3411 1039 3463 fortunam
1050 3413 1123 3463 nibil.
1150 3414 1251 3477 Magna

143 3496 269 3562 partibus.
301 3496 345 3545 Sic
358 3495 414 3544 sine
433 3495 551 3559 periculo
561 3496 673 3544 invicem
714 3488 820 3540 fortuna
832 3490 918 3539 statim
930 3489 1055 3539 obliterat
1066 3498 1187 3553 mentem,
1198 3504 1250 3539 me·

143 3569 448 3636 congressuri‚l'ornicem
458 3584 674 3620 unamsencsme-
691 3586 699 3602 ¹
714 3566 827 3628 moriam,
835 3566 974 3616 amicitiam
981 3575 1120 3631 ceteraque
1129 3565 1249 3615 bominis.
1262 3572 1266 3578 '

142 3664 197 3700 ram
213 3648 398 3708 destruebant3
416 3654 443 3696 ct
456 3646 562 3710 quisque
582 3646 673 3695 aderat
715 3642 1129 3705 HincstultissimmilleSycoson
1139 3641 1248 3704 samius,

140 3726 263 3790 stipatus,
275 3734 348 3775 certo
361 3738 468 3773 numero
480 3724 619 3781 comitum
648 3729 674 3771 et
714 3716 759 3781 qui
781 3718 886 3766 Darium
907 3734 996 3782 regem
1018 3718 1092 3779 adiit,
1112 3725 1248 3780 postquam

142 3817 192 3852 vox
215 3800 376 3850 commeabat
394 3798 472 3850 facile
489 3798 522 3848 ad
544 3799 673 3849 modicum
715 3806 761 3841 rex
780 3808 812 3842 ea
833 3795 934 3857 privato
953 3793 1036 3842 factos
1054 3800 1131 3853 esset,
1142 3792 1247 3842 dicens:

141 3877 191 3927 boo
202 3880 314 3939 spatium
326 3876 398 3926 scissi
411 3876 505 3939 pontis.
714 3868 814 3932 Δαρείου
832 3868 956 3932 trapybms
972 3866 1038 3917 abac·
1059 3869 1115 3918 scil.
1134 3865 1202 3933 quoti
1222 3866 1248 3917 el

174 3953 232 4003 ‘Ab
242 3954 284 4002 lllo
292 3952 378 4015 ento]
395 3950 522 4014 intelligit
532 3950 675 4011 Vitellium,
715 3946 776 3995 olim
787 3946 923 3995 amiculum
935 3960 1007 3994 surim
1018 3944 1143 3993 dedisset.

141 4042 192 4077 non
201 4029 315 4091 legatum
328 4027 435 4076 Vitellii.
470 4026 531 4075 Non
547 4026 623 4075 rideo
635 4034 674 4075 ta·
747 4022 872 4072 'Gallica
885 4020 1010 4084 janneus]
1032 4020 1064 4071 Id
1082 4028 1131 4085 eat,
1147 4018 1249 4070 exerei-

140 4116 200 4152 men
211 4104 290 4151 ullam
305 4100 488 4151 contumeliam
507 4100 557 4163 lpsi
576 4100 674 4150 illatam
715 4105 768 4165 tus,
776 4114 822 4151 san
833 4098 928 4149 auxilia
938 4096 1092 4150 Galliarum.

141 4176 283 4245 avitellio‚
293 4176 341 4227 sed
352 4182 455 4227 tantum
464 4190 481 4225 a
491 4174 574 4226 milite
590 4174 675 4227 vitel·
