2925 4742
223 302 315 373 2804
585 316 618 361 o.
639 307 825 362 oonrtansr
845 310 973 359 riorus
1173 310 1335 377 [ΝΜ.

224 482 328 551 qnam
340 461 460 546 raptim
474 457 618 536 duetus,t
633 458 840 543 aequabant·
872 454 926 520 lta
938 452 1066 519 mixtus
1080 459 1199 539 oques⁴
1211 452 1335 539 podes-

224 669 369 735 mmai
402 658 1173 730 resumpseraqntmmmaausqtm.
1206 660 1336 711 meost

690 825 870 850 noenum!

227 958 244 1004 l
260 952 304 1003 Ita
314 950 372 1003 libii
382 964 479 1011 aaron,
488 954 519 999 et
528 948 605 999 bene
638 947 698 997 Nee
709 942 873 1006 tentenduut,
892 948 922 993 ut
941 943 1042 1007 plaunlt
1052 941 1150 1006 lipsio,
1160 942 1251 1005 suprius
1260 942 1336 993 debe.

225 1023 272 1067 tu.
306 1016 409 1081 Optimi
425 1015 514 1065 militis
532 1021 583 1076 est,
597 1024 744 1077 quanquam
764 1008 858 1073 septim
877 1008 959 1071 ducii,
976 1008 1088 1058 sineere.
1117 1006 1273 1059 ursum-s
1289 1006 1335 1059 Slo

723 1182 836 1236 NOTAE

259 1324 353 1381 *οισι
368 1321 463 1372 seilitiae
473 1320 762 1382 &unimammas
802 1314 894 1378 tincta,
911 1320 941 1363 nt
959 1312 1079 1364 diximus.
1113 1312 1172 1364 Nec
1189 1312 1227 1362 illl
1244 1310 1336 1363 ausili-

227 1398 318 1463 aptio
338 1398 428 1459 decios,
447 1384 583 1459 erasini]
616 1391 761 1457 legionarii
803 1406 861 1441 ares
888 1391 978 1454 raptim
1003 1390 1094 1454 dilecti,
1123 1397 1169 1440 aut
1195 1389 1338 1440 subitarios

226 1488 276 1538 pro
285 1473 386 1537 optlsno
401 1472 512 1521 militurn
524 1484 620 1535 genere
631 1469 762 1519 isbebsn·
802 1467 884 1529 miles,
895 1472 925 1517 ut
934 1466 991 1517 uult
1002 1466 1122 1532 Llpslus;
1139 1474 1229 1517 uetera
1238 1466 1339 1517 ansilla

229 1556 283 1611 tur,
293 1548 363 1613 quud
381 1547 491 1597 Romani
509 1552 608 1607 essent,
623 1558 707 1608 esque
723 1556 764 1593 sr-
803 1544 932 1607 legionum
943 1550 1026 1595 erant.

227 1630 332 1673 matura
343 1626 371 1671 et
381 1620 517 1684 disciplina
528 1619 652 1669 exerciti:
665 1624 693 1669 ot
703 1632 764 1667 anx·
837 1618 938 1681 Raptis·
948 1618 1041 1683 dorios]
1073 1618 1152 1669 Forte
1164 1632 1216 1668 uon
1233 1624 1286 1669 tan
1298 1618 1338 1669 ln·

228 1698 275 1747 ilio
290 1712 393 1763 quoque
409 1709 591 1760 nonnunqum
608 1694 665 1759 pari
682 1692 765 1758 gloria
804 1696 886 1759 telligl
899 1696 987 1757 debet,
998 1694 1055 1746 illos
1066 1696 1204 1745 auxiliares
1215 1696 1339 1747 stertens

230 1774 355 1838 agebant,
366 1772 388 1821 si
398 1786 493 1835 uetupe
509 1772 554 1821 diu
565 1768 669 1821 fortiter
679 1784 765 1820 rueru-
804 1770 883 1821 iuisse
894 1772 990 1835 raptim
1001 1770 1095 1823 ductos
1104 1773 1129 1821 in
1139 1772 1241 1836 praelio,
1251 1785 1282 1823 so
1294 1786 1340 1822 an-

228 1852 320 1913 issent,
337 1856 368 1899 ut
384 1849 478 1899 Bataui
495 1864 576 1914 supra
594 1848 665 1899 Hist.
675 1851 762 1898 MS.
804 1852 858 1907 tes,
868 1860 963 1911 nempe
974 1847 1035 1897 doru
1048 1862 1063 1897 e
1075 1848 1169 1897 Moesia
1179 1848 1275 1913 rsptlru
1286 1858 1338 1899 tra·

228 1932 257 1977 et
266 1926 409 1990 passimlsls
419 1925 501 1975 libris.
802 1922 932 1972 luebantur
941 1922 973 1973 sd
982 1922 1159 1987 oecupsudaru
1170 1924 1282 1974 ltaliam.
1302 1924 1341 1977 Es

261 2002 305 2052 Sir
326 2002 406 2066 igitur
431 2006 460 2051 et
481 2000 604 2051 Moesleos
624 1998 764 2050 auxiliares
804 1996 945 2048 siluerunt
965 1999 1061 2062 raptim
1079 1998 1152 2048 ducti
1164 1999 1190 2047 in
1202 2000 1300 2063 praelio,
1310 1997 1338 2049 id

191 2115 200 2131 .
229 2077 313 2143 gloria
338 2076 439 2127 militias
467 2077 589 2141 equabus
613 2074 764 2141 legionariis
803 2072 919 2125 illisfere
937 2072 1134 2124 eommunefnii
1150 2089 1210 2125 cum
1226 2075 1294 2137 aliis,
1310 2080 1340 2133 ei

229 2153 365 2216 Messalla,
378 2166 522 2218 quanquam
532 2152 622 2216 roptiss
631 2154 721 2201 darton
805 2152 937 2214 praecipue
946 2151 1103 2214 legionariis,
1113 2152 1157 2218 qui
1166 2152 1223 2216 pari
1231 2152 1341 2217 impetn,

264 2228 323 2278 Hoc
335 2242 366 2277 eo
377 2228 502 2290 pertinet,
519 2240 596 2290 pares
604 2225 684 2275 fuisse
693 2225 764 2275 lsabi·
804 2233 832 2275 et
843 2234 967 2291 quantum
978 2227 1078 2291 patitur
1088 2242 1167 2291 grase
1182 2242 1284 2291 agmen,
1300 2230 1341 2279 ln·

231 2308 273 2353 tos
297 2302 445 2365 igneolo,
468 2316 614 2366 quenquam
642 2308 764 2351 recentes
805 2302 1078 2352 enrsabantsieluslesn
1091 2303 1341 2367 ooiemhostiusn,ut

229 2379 288 2429 illos
303 2377 459 2441 legionarios
477 2376 536 2441 lpsi,
552 2381 584 2425 nt
599 2376 676 2427 modo
692 2376 764 2425 dixe·
805 2390 862 2427 eom
874 2378 978 2441 penitus
989 2376 1165 2440 impellerent,
1176 2392 1208 2427 ae
1218 2377 1341 2444 profliga-

230 2460 281 2518 ret,
303 2467 351 2516 per
373 2459 474 2501 tanturn
497 2452 612 2516 spatians
636 2466 714 2503 eursu
736 2458 765 2503 et
805 2459 873 2503 rent.

230 2528 371 2595 pugnando
383 2526 455 2590 fessi,
463 2528 680 2593 aggrederentur,
692 2542 765 2577 acce·
838 2529 872 2577 Et
883 2529 921 2578 sie
939 2526 1110 2593 aequsbeuiur
1126 2528 1273 2592 legionariis
1292 2532 1341 2581 nui·

230 2604 312 2655 dente
330 2618 397 2653 none
417 2602 497 2653 etiam
519 2602 620 2652 reeenti
639 2599 765 2666 defatiga-
805 2604 870 2655 lisia
886 2605 975 2669 gloria,
994 2604 1100 2669 egregio
1118 2604 1187 2655 duce
1207 2606 1343 2670 Messalla,

230 2680 313 2743 tione,
340 2678 410 2744 quod
441 2679 539 2745 raptim
571 2677 646 2729 ducti
669 2685 765 2729 went.
807 2694 954 2745 quanquam
983 2680 1041 2730 illos
1063 2681 1159 2744 raptiru
1184 2681 1303 2733 duxisset
1324 2698 1342 2734 e

230 2755 378 2807 Freiueiesn
805 2754 898 2806 eastris
906 2762 952 2804 aut
963 2770 998 2804 ea
1007 2755 1075 2819 acle,
1085 2755 1195 2821 illosque
1203 2755 1343 2822 fatigasset

263 2829 428 2894 legionariis]
451 2828 540 2880 Vertit
551 2830 683 2893 interpres
693 2830 765 2880 Gall.
805 2836 881 2880 tauto
892 2831 995 2880 itinere.

232 2906 310 2960 Quod
326 2906 454 2956 auderent
468 2905 583 2967 legiones
599 2904 712 2955 hostiurn
729 2906 766 2956 la·
837 2907 921 2957 Erant
938 2906 965 2955 in
975 2907 1069 2957 ldoesia
1080 2912 1134 2957 tres
1152 2907 1267 2970 legiones
1279 2924 1342 2961 cusu

231 2998 344 3037 cessere.
360 2981 413 3032 Sed
426 2982 565 3031 universim
574 2988 602 3031 et
612 2979 765 3031 indistinete
805 2982 856 3031 suls
867 2982 981 3045 auxiliis,
993 2998 1052 3047 quaa
1072 2982 1170 3033 auxilia
1179 2982 1248 3035 hsud
1260 2984 1342 3035 dubie

181 3114 184 3120 ,
229 3058 431 3123 intelligendum
449 3064 499 3118 est,
517 3055 599 3106 fuisse
621 3070 697 3120 pares
716 3058 766 3106 vir·
805 3058 946 3110 edacibus
965 3060 1226 3125 bellumpersutilsus
1245 3062 1341 3113 robore

231 3140 291 3187 tute
301 3141 330 3184 et
340 3132 437 3184 decore
447 3132 596 3195 legionariis
612 3133 692 3183 etiam
708 3147 767 3183 sua·
806 3140 883 3183 aucta
893 3133 1007 3188 inerant.
1042 3136 1099 3187 Hos
1118 3136 1256 3187 auxiliares
1273 3138 1360 3199 llin-¹

231 3206 766 3273 rumpartiarn,etquibuseumquelegio·
806 3208 872 3260 eicos
898 3209 973 3263 ducit
999 3212 1123 3263 Messalla
1148 3214 1254 3277 raptim,
1271 3215 1343 3279 quia,

230 3286 318 3350 neriis,
334 3292 362 3334 et
382 3284 514 3349 precipue
525 3284 588 3346 sais,
599 3298 644 3334 seu
660 3284 767 3335 victori-
806 3292 882 3351 puto,
892 3288 1010 3352 expediti
1018 3289 1066 3353 llll,
1075 3296 1104 3341 et
1113 3289 1226 3339 maxima
1236 3304 1270 3339 ex
1282 3304 1343 3354 par·

231 3362 291 3423 bus,
311 3362 375 3411 licet
397 3368 497 3411 nutum
517 3361 655 3411 auxiliares
678 3367 767 3412 essern
806 3366 834 3410 te
852 3362 968 3427 equites;
996 3379 1106 3428 quornm
1124 3364 1258 3429 precipue
1277 3379 1343 3417 cura

232 3438 337 3489 Hesiel
354 3438 402 3499 illi,
418 3444 446 3487 et
463 3438 560 3501 raptim
576 3436 661 3488 ducti.
694 3438 766 3490 Quid
807 3434 859 3487 fnit
876 3440 1033 3502 proturbare
1054 3448 1082 3491 et
1101 3455 1271 3505 perrumpere
1298 3457 1344 3493 sss·

232 3514 326 3565 suirnur
337 3514 364 3563 iu
376 3529 408 3564 eo
419 3512 499 3577 foret,
509 3516 531 3565 si
542 3529 618 3577 pares
630 3516 686 3579 jorn
697 3516 768 3567 dioe-
807 3514 898 3563 laniem
908 3514 982 3564 seim
990 3515 1198 3567 Vitellianorum.

232 3594 324 3639 rentur
334 3589 411 3638 victis
421 3602 489 3638 nune
500 3587 670 3653 legionariis?
840 3588 911 3639 Hinc
930 3590 1003 3640 addit
1027 3591 1145 3653 Territus,
1171 3592 1224 3642 ‘ita
1242 3592 1342 3645 tulatus

266 3662 470 3727 Rupiinsdaeloo]
486 3664 644 3729 Forte,qnia
654 3679 689 3715 ex
699 3668 768 3731 agris
809 3674 888 3728 eques
921 3663 1054 3730 pedesque
1082 3680 1179 3729 rupere
1209 3666 1342 3731 legionunl

232 3740 469 3807 padebrunnens
481 3740 621 3804 palabundi
632 3743 768 3805 redibam
809 3739 919 3803 agmen!
952 3739 988 3789 Et
1006 3736 1076 3789 forte
1085 3739 1111 3789 lsi
1126 3741 1264 3791 auxiliares
1275 3742 1343 3793 utta·

230 3822 261 3867 et
279 3820 335 3864 turn
348 3822 436 3864 tasnen
453 3816 561 3865 alioruin
578 3817 770 3883 virtutensglu·
809 3815 856 3865 olei
879 3822 1072 3880 precesserant
1100 3829 1180 3879 grave
1209 3816 1342 3881 legionum

231 3892 350 3955 risuque
367 3891 572 3940 aemulabantur:
589 3893 769 3957 quioquidsit,
809 3892 972 3942 llloesiearnrn
996 3905 1097 3957 agmen,
1115 3893 1143 3943 in
1164 3893 1269 3943 ltaliam
1295 3892 1342 3943 od·

231 3966 297 4016 lieet
307 3966 439 4017 eandam
454 3973 542 4015 essent
553 3972 582 4015 et
596 3969 686 4031 roptius
700 3970 770 4021 docti
809 3974 953 4019 restantes.
983 3968 1081 4033 Sir-que
1108 3970 1217 4033 intelligi
1242 3976 1343 4035 potest,

233 4046 264 4091 et
274 4040 345 4103 i'essi,
361 4041 460 4091 virtute
475 4040 631 4105 legionarios
642 4058 702 4093 snos
720 4045 769 4095 sub
808 4046 896 4109 raptis·
911 4046 1074 4107 declamare,
1093 4052 1122 4095 et
1140 4046 1167 4095 ln
1177 4045 1281 4111 itinero,
1294 4052 1343 4099 etti

234 4114 303 4166 bono
328 4116 396 4169 duee
419 4117 603 4185 adaquabant,
625 4119 668 4169 sel
688 4120 769 4173 indis·
807 4120 1107 4187 sonntanoepretto.
