2925 4742
119 318 256 384 sesa]
457 291 724 365 nrsrouranuu
749 316 823 365 mn
845 316 903 367 ιιι.
1139 302 1227 373 m

120 465 203 525 erat.
248 458 287 523 Is
299 455 478 522 Valentem
502 459 638 523 comiter
660 466 853 545 exceptum,
876 466 944 526 ‘ne
966 460 1113 527 Galliam
1137 462 1228 531 Nor·

119 542 305 627 lomensem
333 564 457 623 temere
485 560 725 643 ingrederetnr,’
756 565 919 627 monendo
944 561 1092 630 terruitzl'
1128 567 1226 633 simul

119 657 321 727 oeterornm¹¹
333 659 420 724 fides
434 666 525 726 metu
540 661 685 727 infracta
695 659 737 727 :⁷¹
769 664 923 748 namque⁸
938 665 1168 751 circumjectas
1182 670 1229 733 ci·

120 764 245 829 ritates
266 762 493 828 procuratore
507 761 664 829 Valerius
677 765 852 846 Paulinus,
867 771 1020 833 strenuus
1033 768 1174 849 militiae,
1196 774 1230 835 et

119 943 293 1007 tanam
316 948 343 991 st
361 944 472 992 mmo
487 942 626 1005 sbaterrub,
642 958 671 993 ae
688 944 836 994 inconsulto
854 946 1014 1009 prouinciam
1032 948 1228 999 Narbonensem

119 1009 259 1059 introiret:
285 1010 410 1070 eodem
427 1012 529 1070 tenpore
546 1008 647 1056 aliorum
659 1008 724 1071 fides
734 1007 865 1068 formidine
882 1008 1023 1068 labefactata
1041 1018 1090 1061 est.
1133 1013 1227 1076 Quippe

124 1069 238 1125 Valerius
246 1072 365 1122 Paulinae
371 1078 519 1135 mmor,
529 1072 639 1134 egregius
648 1072 717 1135 bello,
732 1078 758 1121 st
772 1072 861 1123 musicus
875 1074 1016 1140 Vespasiano
1027 1081 1083 1125 uate
1094 1077 1229 1143 imperium,

621 1230 770 1251 neuneu·

121 1345 178 1396 ἔα.
198 1350 229 1394 et
247 1344 416 1405 Puteolanus,
432 1359 479 1396 sos
495 1350 651 1395 esseut—⁷
668 1344 941 1397 steinenbrunnen
960 1346 1074 1397 lichena
1091 1353 1121 1399 et
1139 1364 1230 1401 recen·

121 1410 214 1459 tiores.
248 1408 378 1471 Corrupte
395 1409 448 1458 Me.
466 1410 536 1460 Flor.
553 1410 657 1459 inrecto.
689 1409 720 1459 lo
732 1411 797 1461 Mas.
809 1411 872 1473 Reg.
885 1411 957 1461 Harl.
967 1412 1022 1462 les.
1033 1418 1061 1461 et
1073 1414 1230 1465 editionibus

121 1473 269 1532 veteribus,
284 1472 384 1522 intucta
416 1473 522 1522 Frustra
531 1475 636 1523 volebat
647 1474 760 1537 lipsius,
769 1475 896 1525 intentato.
927 1476 1091 1527 Brotier.-8
1107 1478 1151 1527 Sic
1164 1480 1230 1529 Mss.

123 1537 193 1586 Flor.
207 1537 274 1599 Reg-
286 1536 366 1586 Corb.
378 1535 443 1598 Agr.
455 1538 536 1586 editio
554 1538 687 1600 princeps,
703 1545 732 1587 et
751 1540 916 1589 recentiores.
949 1539 981 1589 ln
992 1540 1054 1591 Mss.
1066 1542 1142 1593 llari.
1155 1543 1229 1593 Bodl.

126 1600 183 1653 Jes.
193 1606 224 1649 et
234 1614 251 1649 a
261 1600 419 1667 Puteolano,
430 1607 458 1650 et
468 1602 580 1666 Ryckio,
590 1601 684 1651 omissa
692 1602 796 1675 copula,
805 1618 858 1667 qus.

629 1763 738 1815 Nom

156 1886 294 1951 ll'ma't]
327 1888 397 1940 (loia
406 1888 547 1939 exterritos
556 1890 663 1951 Valens,
737 1891 874 1940 Ceterorum
884 1892 1135 1958 fidasmetuiatoclo]
1168 1897 1233 1950 Cum

126 1963 186 2013 biae
204 1964 277 2012 aaut
293 1969 323 2013 et
343 1968 474 2013 summus
487 1964 553 2029 fides
571 1965 663 2015 eodem
703 1968 1235 2035 Pionbabeatinrnctu,reposui,iufructu.·

126 2044 192 2088 neta
201 2038 310 2099 imru
320 2044 366 2088 est.
702 2041 824 2092 familiari
834 2044 925 2093 Tacito
936 2060 1011 2110 voce,
1028 2061 1075 2111 pro
1094 2046 1234 2113 labefacta,

160 2114 280 2163 umaro
290 2114 391 2178 terruit]
415 2114 497 2163 Simul
507 2116 607 2166 monuit
618 2131 663 2166 ex·
702 2132 749 2167 seu
760 2117 836 2167 valde
846 2118 940 2169 fracta.

126 2189 283 2253 terruitque.
614 2228 623 2239 ,
736 2190 805 2243 Anu.
823 2193 869 2244 lib.
882 2207 945 2247 rur.
962 2194 1095 2247 ‘Infraeta
1110 2196 1235 2261 paulatim
1325 2224 1328 2229 ,

160 2264 277 2314 '‘biml
294 2266 437 2330 mmm]
470 2267 577 2332 Omnes,
599 2285 663 2333 quos
703 2268 942 2330 potentiamstris.’
981 2270 1049 2323 Hist.
1067 2272 1156 2323 libri.
1172 2273 1236 2323 ‘ln-

128 2354 218 2391 tecam
237 2340 322 2391 Roma
339 2342 482 2393 adduxerat
496 2345 601 2405 Valens,
611 2360 663 2394 non
702 2341 788 2391 fracta
797 2344 908 2406 partium
917 2344 1001 2396 lama!
1034 2347 1069 2397 Et
1081 2347 1237 2400 l.1v.‘Gal·

128 2416 193 2465 satis
205 2422 287 2466 certae
298 2416 360 2467 fidei
376 2417 466 2469 foere:
491 2419 582 2469 horum
600 2421 664 2470 alios
704 2417 762 2467 bam
775 2428 802 2467 et
813 2418 925 2469 infracta
936 2423 1044 2488 tribula,
1060 2424 1167 2475 hostiles
1185 2424 1238 2489 spi·

128 2490 213 2541 nitur
222 2491 379 2556 Ariminum,
395 2500 424 2543 et
437 2492 566 2544 tideliores
577 2512 665 2546 secura
704 2494 771 2543 ritus
783 2492 914 2545 induisse!

130 2564 205 2617 ducit
227 2566 382 2629 aduertam
403 2570 524 2620 Herculis
545 2573 667 2635 nronoeci,
737 2572 901 2622 Sensusest:
922 2573 1238 2637 Valentem,neGalliam

20 2645 21 2650 ’
130 2656 254 2706 quocum
265 2640 335 2693 forte
346 2645 470 2707 appulsus
486 2654 565 2708 esset,
576 2654 666 2697 monet
704 2645 897 2707 ingrederetur,
918 2646 1072 2697 deterritum
1094 2648 1183 2713 fluisse,
1211 2639 1241 2701 et

131 2729 192 2767 eum
202 2717 324 2767 Maturus
343 2719 378 2769 do
394 2728 465 2771 statu
477 2722 666 2785 provinciarum
705 2720 889 2768 monitionibus
908 2722 996 2785 Marii,
1013 2729 1041 2771 et
1062 2726 1159 2775 nuntiis
1176 2726 1239 2777 illue

131 2792 286 2854 vicinarum,
298 2799 326 2843 et
336 2794 410 2845 simul
421 2797 510 2847 statim
521 2806 666 2847 ceterorum
706 2794 792 2845 allatis
804 2794 837 2843 de
847 2794 952 2855 infructu
966 2798 1018 2847 lide
1027 2805 1183 2865 ceterorum,
1194 2802 1239 2866 qul

132 2868 326 2935 eomitnmficles
335 2872 520 2933 malesuada.
705 2870 859 2921 Vitellianas
870 2878 958 2934 partes
969 2874 1052 2925 secuti
1063 2872 1175 2926 fuenut.
1196 2876 1240 2927 Pi·

166 2944 272 3009 Nape
288 2944 401 2995 infracta
411 2946 486 3013 tides,
503 2963 536 2996 ex
554 2948 666 3013 eoquod
705 2949 788 2997 elenu.

133 3029 273 3071 monuerat
289 3022 422 3087 Maturus,
449 3030 478 3074 et
498 3039 531 3074 ex
549 3025 667 3090 eoquod
739 3022 833 3075 ¹Metu
852 3024 968 3091 infructu]
1000 3026 1088 3078 Vertit
1106 3026 1241 3095 interpres

134 3097 563 3161 audierantrleValerloPanlino;
579 3100 670 3165 ‘qum'
710 3100 781 3150 Gall.
808 3100 991 3164 ‘Ceterorum
1007 3116 1101 3166 nempe
1118 3105 1241 3157 comitum

134 3174 220 3238 inquit
236 3176 320 3224 Tacit.
337 3174 402 3225 ‘ubi
424 3185 517 3239 paratu
538 3176 623 3242 firma,
641 3186 669 3227 et
708 3176 837 3238 Valentis,
858 3176 923 3226 tides
944 3187 1017 3229 meto
1036 3182 1187 3233 concussaz'
1213 3189 1242 3235 et

134 3242 212 3301 suem
222 3252 411 3316 rumore,apud
423 3253 508 3304 varios
519 3254 671 3303 Vitelliano·
709 3254 834 3317 supponit
854 3254 892 3304 ita
907 3254 1037 3305 desertum
1054 3272 1069 3306 a
1086 3258 1138 3307 suis
1149 3260 1244 3310 Valen-

135 3342 192 3379 rom
211 3330 311 3379 animos
330 3330 489 3394 incubuere,'
506 3330 602 3380 Fabios
618 3331 670 3379 Va·
710 3334 774 3391 tem,
790 3335 820 3378 ut
837 3343 895 3379 enm
906 3338 1017 3395 quatuor
1026 3334 1244 3399 speculatoribus,

134 3406 199 3469 lens,
209 3407 256 3473 qui
265 3406 314 3456 sibi
326 3407 470 3469 metuebat,
480 3407 513 3457 sd
523 3422 602 3456 naves
612 3421 670 3456 enm
709 3406 761 3454 &c.
781 3406 812 3453 ad
833 3420 912 3454 naves
928 3408 1121 3469 regressussit:
1147 3410 1185 3459 lta
1202 3418 1244 3470 nt,

136 3484 228 3547 paucis
254 3482 419 3547 regreditur3
447 3490 475 3533 et
496 3484 533 3532 sie
555 3482 671 3547 digresso
709 3479 756 3528 lllo
774 3480 895 3541 abeunte,
913 3482 1034 3531 Maturus
1052 3484 1185 3549 ceterique
1202 3500 1245 3536 co.

137 3558 230 3621 Fabio,
241 3560 311 3609 ultro
327 3560 447 3609 Maturus
458 3566 485 3610 et
495 3559 549 3621 alii,
559 3559 614 3609 siue
626 3558 672 3623 qui
711 3554 786 3604 mites
798 3562 875 3604 antea
886 3555 958 3607 Fabii
976 3560 1147 3609 remanserint
1158 3560 1203 3622 ibi,
1216 3568 1245 3611 et

137 3639 317 3685 remanserant
339 3649 373 3684 ex
399 3634 524 3686 comitato
545 3634 674 3699 Valentia,
711 3628 802 3678 statim
819 3630 845 3679 iu
863 3630 1017 3695 Vespasiani
1044 3642 1132 3698 partes
1151 3636 1245 3687 transi·

137 3697 193 3762 sire
212 3710 257 3759 alii
274 3711 398 3761 hacteuus
414 3717 574 3773 constantes,
583 3710 672 3760 statim
712 3705 789 3755 erint.

138 3786 164 3836 in
174 3793 267 3851 partes
277 3786 413 3837 Flavianae
425 3786 559 3837 transiere.
746 3781 835 3831 Possit
844 3788 931 3831 tameo
941 3783 978 3833 sic
990 3785 1058 3848 capi,
1068 3792 1098 3835 ut
1106 3786 1245 3837 Valentem

169 3862 467 3928 Sinaloetmorumyides]
489 3860 673 3912 Vertitlnter·
713 3859 839 3908 terruerit
850 3858 924 3909 simul
945 3866 972 3910 et
990 3862 1119 3922 Maturus,
1131 3862 1246 3913 simulet

138 3955 200 4005 pres
212 3940 305 4004 ltalos,
320 3941 393 4005 quasi
411 3941 485 3991 slmul
504 3940 582 3990 etiam
600 3944 674 3989 metu
712 3934 779 3985 fides
797 3942 951 3997 ceterorum,
964 3938 1008 4000 qui
1026 3937 1062 3985 ibi
1082 3936 1199 3997 aderaut,
1210 3936 1247 3988 in·

137 4017 253 4068 infracta
264 4018 375 4067 aliorum
391 4015 457 4068 fides
468 4016 604 4067 Valentem
617 4014 674 4065 abs·
713 4011 808 4063 fracta.
852 4012 895 4061 Sic
911 4012 941 4060 rb
958 4018 1086 4061 ceterorum
1101 4018 1189 4074 posset
1208 4012 1248 4062 in·

140 4093 276 4157 terruerit,
297 4108 331 4144 ne
348 4094 462 4146 Galliam
479 4094 675 4149 Narbonensem
714 4086 798 4153 telligi
820 4087 852 4137 tle
869 4087 908 4136 bis
921 4086 964 4151 qui
975 4092 1120 4135 eruntcum
1130 4086 1247 4161 Maturo,

140 4170 331 4240 loflrederstnr.
716 4162 760 4229 qni
774 4162 829 4227 jam
847 4160 934 4213 territt
948 4159 1175 4225 circumjectarum
1186 4163 1249 4235 civi·
