2925 4742
219 321 311 392 9066
548 337 602 420 ¹u.
625 335 805 386 nonnanis
828 335 955 386 raeiri
1167 340 1338 407 [numm.

223 485 337 550 nensis
351 488 481 561 eventu,
496 501 563 546 non
585 481 751 562 ignavum,
765 485 809 556 et,
823 481 853 544 si
868 479 1084 561 provenisset,
1101 483 1197 542 atrox
1212 478 1331 543 cousi·

223 587 304 651 lium
333 587 416 662 iniit,
440 590 489 658 ut,
513 583 653 664 arreptis
680 583 833 658 navibus,
862 583 897 643 in
925 600 1168 663 quamcumque
1196 587 1332 662 partem

224 687 455 752 Narbonensis
469 687 650 768 provinciae
666 703 833 764 egimusne,
856 681 986 745 Gallias
1009 681 1267 745 mexercitum!
1293 683 1332 744 et

224 787 415 854 Germaniae
431 793 542 868 gentes
555 804 744 867 novumque
760 785 880 847 bellum
896 785 1009 848 cieret.

265 889 320 954 42.
345 890 506 970 Digresso
520 887 670 963 Valente,
686 886 845 967 trepidos,
867 887 924 968 qui
944 884 1130 950 Ariminum
1146 889 1329 968 tenebunt,⁸

223 987 396 1055 Cornelius
419 989 561 1066 FuscuS,
586 989 720 1052 admoto
743 987 903 1063 exercita,
919 993 952 1050 et
966 987 1079 1050 missis
1094 1009 1153 1070 per
1170 991 1328 1070 proximu

168 1183 172 1190 '
222 1187 339 1246 eosspsrto
355 1182 424 1232 exitu
440 1181 519 1244 proelii
532 1180 702 1240 Crnnonensis,
715 1179 840 1228 enuntiata
855 1177 951 1227 ssolitss
968 1192 1013 1225 son
1029 1191 1101 1238 segne
1117 1182 1158 1225 sat
1178 1178 1250 1240 isers,
1260 1177 1331 1239 et‚si

222 1246 376 1308 suceessisut,
391 1247 491 1294 immone
502 1249 525 1292 st
535 1245 626 1304 ιἰιμιιε.
637 1249 672 1303 st,
688 1245 743 1294 scil.
760 1243 930 1305 commetario
940 1244 1047 1300 mribus,
1066 1242 1093 1290 is
1109 1241 1235 1303 quantos
1246 1241 1328 1303 regis-

196 1365 206 1376 *
222 1325 276 1358 ann
288 1309 377 1360 Gutta
388 1309 546 1358 Narbonensis
556 1310 675 1370 appulsus,
684 1309 830 1356 concitaret
843 1306 946 1366 Gollios,
963 1310 987 1353 et
1004 1305 1130 1365 namsi,
1145 1310 1171 1354 et
1188 1305 1328 1354 (δοιώ

318 1387 460 1436 ,minoas
471 1373 525 1420 belli
535 1373 618 1420 molem
628 1371 726 1420 exciret.

257 1439 317 1485 Cion
332 1437 452 1500 projeetus
463 1441 520 1484 esset
535 1435 627 1496 Valens,
640 1435 762 1484 Cornelius
773 1435 872 1492 Fuscus,
882 1434 984 1482 mma
994 1432 1076 1496 sapim,
1086 1437 1112 1482 st
1121 1432 1198 1480 missis
1211 1431 1326 1481 loimi-

214 1501 258 1550 ‘ois
274 1515 318 1564 per
329 1501 452 1566 finitimos
461 1514 524 1564 oros,
539 1504 604 1548 terro
623 1501 729 1562 mamque
746 1498 836 1546 obsidet
845 1511 892 1558 eos,
909 1499 950 1560 qai
966 1498 1104 1547 Arinissss
1113 1496 1257 1561 Mutus,
1268 1495 1328 1560 jans

680 1656 860 1679 “cannono

222 1781 360 1831 eduin-9
376 1781 420 1831 lis
437 1783 502 1832 lllss.
519 1781 608 1832 Vatia.
619 1781 690 1846 Flore
703 1780 778 1830 llari.
790 1779 866 1829 Bodl.
876 1780 933 1831 Jes.
949 1780 1014 1844 Agr.
1024 1781 1183 1831 Puteolanus
1194 1786 1222 1830 et
1233 1795 1328 1832 recen·

223 1847 314 1896 tiores.
349 1844 435 1894 ΑΜι.
448 1846 515 1908 ling.
535 1854 563 1895 et
582 1846 696 1896 editione
709 1845 828 1907 principe
839 1843 923 1905 abest,
935 1843 1037 1894 Gallius.
1071 1846 1208 1894 ereusuns
1226 1845 1328 1908 omisit,

222 1915 248 1956 st
266 1911 389 1958 wercum.
423 1909 488 1959 Para
506 1909 608 1973 quidem
626 1921 720 1970 magna
737 1909 899 1956 exercituum
916 1908 1129 1958 Germanicorum
1147 1917 1203 1959 tum
1220 1915 1279 1958 erat
1297 1909 1326 1958 in

222 1972 312 2034 Italia,
321 1972 444 2022 manebat
455 1981 540 2022 tumen
554 1987 612 2036 pars
624 1973 649 2020 ln
658 1973 790 2034 superiore
801 1970 974 2035 inferioreque
983 1972 1132 2032 Germania,
1141 1987 1220 2038 qnam
1226 1972 1327 2024 Valens

224 2036 293 2086 ciere
305 2044 419 2100 poterat.
453 2037 503 2087 lim
515 2037 631 2101 legiones
643 2043 819 2085 memorantur
828 2033 897 2085 lnfra
908 2050 966 2100 cap.
979 2040 1020 2085 tu.
1053 2037 1162 2086 Brotier.

719 2209 826 2260 NOTAE

255 2363 266 2398 t
297 2355 329 2404 Et
352 2355 482 2419 exereitus]
511 2355 616 2418 Nempe
639 2354 754 2418 legiones
794 2353 900 2418 bellum,
921 2359 950 2404 et
970 2353 1087 2404 excitare
1104 2349 1216 2405 afflictas
1234 2359 1328 2418 partes

224 2431 372 2482 Germaniae
383 2430 522 2493 strperioris
534 2437 562 2480 et
576 2429 715 2493 inferioris,
726 2439 754 2478 et
794 2431 890 2494 potuit.
1160 2425 1166 2434 '
1284 2442 1287 2449 ’

223 2508 303 2556 etism
314 2505 382 2556 forte
392 2506 560 2569 Britannica,
570 2521 627 2572 qum
636 2506 663 2554 in
674 2506 755 2568 parti·
828 2507 933 2570 Gallias]
951 2507 996 2556 Sic
1004 2505 1095 2570 etjam
1104 2506 1165 2555 olirn
1175 2505 1330 2556 metueban-

223 2581 271 2631 bus
281 2581 435 2631 Vitellianis.
795 2586 838 2630 tur
857 2582 937 2632 Galli.
983 2583 1077 2633 Cicero
1095 2581 1210 2645 Philipp.
1227 2587 1253 2630 ὅ.
1275 2579 1330 2632 ‘Si

258 2659 292 2706 Et
303 2653 431 2718 aarum]
456 2657 508 2707 Qui
516 2657 571 2706 scil.
583 2657 609 2706 in
621 2655 684 2722 ipsis
692 2656 755 2706 Gal·
795 2657 835 2706 M.
852 2658 967 2708 Antonio
985 2660 1109 2722 patuisset
1126 2658 1222 2719 Gallia,
1238 2658 1261 2707 si
1278 2673 1329 2723 op·

222 2732 263 2782 liis
275 2737 359 2782 erant.
399 2731 526 2794 intelligit
536 2733 644 2796 aquilas,
655 2745 701 2780 sen
718 2733 755 2780 le·
794 2735 889 2798 pressis
906 2735 1064 2795 municipiis,
1075 2739 1103 2783 e't
1120 2735 1230 2785 coloniis
1244 2735 1329 2798 imps-

224 2807 312 2870 giones
324 2807 429 2856 relictas
440 2821 455 2855 a
466 2806 573 2857 Vitellio
584 2807 608 2856 in
620 2808 660 2856 hia
676 2806 756 2870 parti·
794 2809 868 2871 ratis,
878 2809 905 2859 in
916 2809 984 2859 illam
994 2811 1111 2860 ultimam
1122 2811 1234 2860 Galliam
1248 2825 1330 2875 pene-

216 2882 270 2942 ¹bns
290 2883 397 2944 Galliac,
415 2895 478 2946 quas
496 2881 626 2934 vocabant
645 2881 755 2932 Romani
795 2890 865 2934 trare
877 2885 1012 2948 potuisset,
1022 2893 1134 2949 quantus
1150 2885 1263 2949 Reipub.
1275 2894 1330 2936 ter·

224 2956 389 3006 Germaniam
414 2956 572 3018 strperiorem
595 2963 623 3006 et
650 2955 755 3005 inferio·
795 2974 838 3008 ror
856 2959 1033 3022 impende-reti
1066 2961 1217 3023 Dubitaret,
1236 2961 1330 3026 credo,

223 3045 294 3080 rem:
320 3045 413 3094 nempe
435 3031 501 3080 citra
533 3037 561 3081 et
589 3031 659 3081 ultra
688 3031 755 3081 Rhe·
795 3036 872 3085 nomo
890 3036 1086 3097 amentissimus,
1110 3043 1188 3099 atque
1208 3036 1330 3088 omnibus

221 3119 292 3156 num.
796 3111 909 3160 consiliis
921 3125 1049 3174 princeps,
1063 3119 1092 3160 et
1109 3111 1270 3174 devius,non
1287 3128 1330 3163 su·

257 3181 360 3230 Etcum
372 3179 446 3244 dicit,
458 3181 594 3232 Gennonioe
610 3186 704 3244 gestes,
714 3195 754 3230 eie
794 3185 847 3235 lum
858 3201 917 3236 oum
929 3188 1045 3236 exercita
1056 3201 1112 3245 suo,
1123 3187 1169 3236 sesl
1180 3187 1329 3239 etiamtum

223 3256 411 3322 distinguenda
445 3263 505 3306 suut
533 3257 565 3306 ab
596 3256 754 3308 exercitibus
794 3262 863 3312 omni
883 3262 1043 3312 immanitate
1065 3262 1202 3323 barbarie,
1227 3263 1329 3315 bellum

223 3333 394 3395 Germanicis,
404 3335 448 3397 qui
466 3336 574 3384 Romani
593 3341 621 3386 ct
640 3337 755 3399 legions·
795 3336 892 3388 inferre
903 3339 1025 3399 nolimus
1045 3339 1099 3402 ejus
1112 3337 1226 3388 furorem
1237 3339 1329 3390 neAl·

224 3407 270 3458 rii:
296 3409 385 3457 etillae
395 3415 486 3471 gentes,
504 3412 543 3460 vel
557 3411 643 3472 sonim,
658 3411 698 3460 vel
710 3425 754 3460 ex·
794 3413 865 3476 pium
883 3413 988 3478 quidem
1004 3429 1079 3464 muro
1096 3415 1217 3465 contuere
1236 3424 1328 3479 poste·

223 3489 330 3546 tranem,
350 3491 378 3533 et
396 3491 480 3534 tamen
498 3482 573 3535 facile
595 3486 663 3535 allici
681 3493 754 3548 pote·
794 3487 868 3538 mns’

223 3558 318 3607 rantin
331 3567 426 3622 partes,
442 3561 661 3610 ac'commilitiurn
672 3561 754 3610 Vitel·
825 3569 836 3594 ¹
853 3563 974 3626 neptun,
989 3566 1030 3628 osi
1047 3564 1184 3616 Ariminum
1202 3565 1327 3632 saum]

223 3633 261 3694 lii,
271 3647 317 3697 spe
328 3636 490 3696 praemiorum
503 3649 639 3699 opumque.
794 3636 836 3686 An
848 3639 886 3687 illi
903 3640 954 3702 ipsi
968 3641 1071 3702 pedites
1083 3643 1242 3704 equitesque,
1261 3652 1327 3707 quoa

257 3711 292 3760 Et
309 3725 367 3760 cum
376 3710 442 3760 dicit
451 3711 552 3770 Gallim,
564 3726 601 3760 eae
614 3711 692 3759 etium
703 3709 756 3758 dis·
794 3712 937 3764 Ariminum
945 3718 1108 3779 premiserat
1116 3717 1227 3768 Valens?
1243 3719 1327 3769 Forte

223 3787 371 3853 tinguendm
391 3801 449 3839 sunt
463 3790 494 3838 ab
506 3790 646 3839 exeruntur
663 3789 706 3856 qni
726 3791 754 3838 in
794 3789 819 3837 lii
836 3789 951 3853 intimuit
971 3800 999 3841 et
1017 3793 1092 3840 simul
1110 3795 1188 3843 etism
1208 3793 1263 3856 alii,
1279 3794 1326 3858 qni

223 3866 315 3915 castris
338 3865 498 3914 Germanicia
525 3866 645 3927 praesidia
672 3867 753 3931 agita·
789 3865 845 3928 jam
862 3874 924 3915 ante
941 3866 1049 3922 Arimini
1076 3869 1224 3929 presidium
1244 3869 1327 3932 agiis·

222 3941 294 4003 bant,
312 3947 342 3990 ut
360 3939 480 4004 (linimus,
497 3949 522 3988 et
542 3940 753 4005 culustitanus,
794 3941 857 3991 baut
880 3957 928 4004 pro
948 3944 1072 3992 Vitellio:
1101 3943 1172 3993 forte
1191 3947 1234 3994 iiic
1253 3945 1327 4008 spnsl

222 4017 363 4080 stipendia,
381 4031 515 4077 annonam,
527 4031 615 4080 equos,
626 4017 702 4078 vires,
713 4032 753 4066 ar·
793 4018 936 4068 Ariminum
947 4021 1087 4082 interrepti
1095 4022 1133 4069 illi
1145 4020 1328 4086 pediteseqni·

223 4087 266 4142 m's
282 4091 452 4156 suppeditare
470 4092 573 4140 Valenti
595 4099 752 4156 potuerunt:
793 4101 894 4160 terque,
905 4111 970 4160 quos
981 4096 1142 4160 premiserat
1152 4097 1256 4149 Valsu.
1287 4097 1327 4148 Et

224 4165 317 4232 quibus
343 4165 470 4231 firmatus,
504 4167 647 4220 instaurare
674 4165 753 4218 facile
791 4171 1151 4237 irinonagressdsdebant.
