2925 4742
132 340 269 406 tum]
481 335 751 388 ursnonrsnuu
775 337 849 388 nra.
872 337 925 388 ιν.
1153 321 1244 392 m

131 479 327 562 mnscripti,
340 497 403 546 nec
415 478 488 563 jum
501 480 558 544 ille
572 480 717 546 Senatus
732 499 863 558 snmus,
882 482 952 565 qni,
966 480 1083 547 occiso
1095 479 1244 560 Nerone,

130 579 299 646 dolatnm
312 587 346 645 et
360 581 528 646 ministrm
553 601 644 646 more
667 582 831 664 majorum
850 581 1037 665 puniendos
1061 580 1244 662 flagitabat.

131 678 295 763 Optimus
311 687 374 758 est,
386 685 465 764 post
478 681 605 746 malum
619 680 840 764 Principem‚¹
853 681 928 746 dies
942 682 1091 765 primns.’

169 783 229 847 113.
252 781 364 848 Tanto
379 801 455 847 cum
470 800 609 847 assensn
624 782 771 848 Senatus
785 781 920 848 unditus
933 788 986 847 est
1000 782 1193 863 Montamm,
1205 789 1246 851 ut

130 899 227 965 spem
243 888 380 966 caperet
400 882 594 958 Helvidium
618 903 722 966 posse
737 884 838 948 etiam
852 882 1048 949 Marcellum
1066 889 1243 967 prosterni.

128 981 240 1063 Igitur
254 1003 277 1048 a
291 983 389 1048 laude
405 983 519 1048 Cluvii
539 983 620 1048 Rufi
634 1003 745 1059 orsus,
759 985 832 1066 qui,
854 984 991 1067 perinde
1004 983 1100 1048 dives
1122 990 1156 1050 ct
1174 987 1244 1050 elo·

129 1085 269 1165 quentin
283 1085 407 1160 clarus,
433 1085 516 1148 nulli
532 1103 676 1167 unquam
691 1086 754 1149 sub
770 1085 905 1150 Nerone
928 1086 1112 1168 periculum
1134 1086 1243 1151 faces·

128 1185 256 1263 sisset:
273 1187 409 1250 crimine
424 1187 523 1250 simul
535 1185 759 1270 exemploque
777 1185 914 1269 Eprium
932 1188 1070 1268 urgebat
1078 1195 1102 1253 ι’
1123 1188 1241 1252 arden·

125 1407 186 1456 Just
194 1411 340 1470 torpemus,
348 1407 442 1458 Patres
453 1410 606 1474 conscripti,
617 1424 666 1462 nec
677 1425 747 1461 nuuc
758 1412 802 1462 ille
813 1416 918 1462 senetus
929 1424 1026 1473 snmus,
1034 1410 1088 1474 qui,
1098 1407 1241 1460 interiecto

128 1471 249 1531 Nerone,
265 1471 412 1534 postulabat
423 1481 590 1524 accusatores
598 1481 626 1525 et
636 1476 719 1525 borum
727 1477 855 1527 satellites
864 1475 1006 1539 puniendos
1017 1488 1089 1524 more
1101 1475 1239 1538 maiorum.

126 1533 295 1584 Justissimns
307 1540 335 1583 et
346 1537 471 1585 munimus
482 1543 523 1588 est
534 1539 643 1600 primur,
655 1547 714 1603 pust
727 1555 834 1603 pravum
845 1539 1043 1604 lmperntorem,
1054 1538 1117 1588 dies.
1203 1553 1206 1556 ’

159 1599 248 1647 Tantis
255 1604 354 1661 putenm
361 1601 449 1650 stodiis
458 1607 604 1664 exceptant
614 1605 692 1653 oratio
705 1605 826 1667 Montani,
840 1610 869 1654 st
886 1619 950 1668 rpem
960 1603 1092 1666 mmiperet
1102 1599 1241 1661 Heluidius,

123 1675 193 1726 posse
204 1664 279 1712 dium
292 1663 432 1714 Marcellum
442 1665 552 1714 subuerti.
586 1667 670 1732 [tuque
678 1661 795 1732 incipiens
805 1684 820 1718 o
831 1671 914 1718 decore
927 1661 1008 1717 Cludit’
1026 1667 1094 1732 Μ,
1103 1664 1155 1729 qut,
1165 1665 1241 1724 l'fflfl

124 1725 367 1788 wernsmndiu
382 1728 494 1790 impuris,
511 1730 600 1780 ursini
617 1746 727 1794 numum,
747 1733 843 1782 Nemo
861 1733 1002 1796 inperante,
1018 1731 1145 1780 mines
1162 1728 1241 1777 totes-

125 1795 210 1854 tusset,
226 1793 313 1840 metm
323 1793 395 1842 simul
405 1799 429 1842 et
439 1795 613 1857 conparatione
624 1795 766 1846 Moroika
776 1796 914 1860 prmobstr
923 1795 1090 1859 fimmtibso
1107 1797 1242 1845 mun

596 1933 777 1954 Olmm

159 2048 174 2119 .¹
196 2043 237 2121 lta
249 2044 300 2093 ltls.
310 2044 377 2108 ling.
389 2047 548 2096 Puteolanus
559 2054 588 2098 et
600 2047 768 2124 recentiqres.
800 2046 832 2096 lu
844 2047 907 2096 llos.
919 2046 995 2124 liert.
1006 2045 1072 2110 Agr.
1082 2051 1111 2094 et
1121 2045 1237 2095 editione

125 2108 1239 2236 '‘itttitlt·..1¹¹:5¹¹titt.i⁸l'¹f⁰..‘¹.¹.⁰.¹it=‘·..³tl.tl‘.¹¹tttfit?illiti

126 2177 273 2298 {fericulum
285 2191 441 2288 fecissent!q
464 2189 573 2290 udone.

638 2368 744 2422 Nom

128 2485 218 2549 empin
237 2487 306 2534 mula
325 2501 402 2550 quam
420 2487 481 2537 boul
500 2501 596 2551 mores,
607 2488 663 2537 scil.
704 2494 763 2548 tnr3
781 2488 826 2538 sed
847 2490 972 2554 paniatlm
989 2488 1085 2539 deinde
1100 2486 1179 2538 ardor
1193 2486 1240 2538 illc
1262 2494 1267 2500 '

127 2568 265 2624 comparat
283 2563 407 2612 virtutem
429 2563 584 2626 Vespasiani
605 2579 664 2614 cnm
704 2563 860 2628 refrigescit.
886 2565 1001 2613 Piolresa.

129 2634 237 2702 flagitiis
249 2639 364 2701 priorum
377 2640 533 2703 principum.
739 2638 861 2702 Optimus]
877 2638 934 2688 Cic.
946 2638 1062 2702 Philipp.
1075 2643 1099 2686 l.
1116 2645 1177 2700 post
1187 2652 1239 2689 cae-

161 2713 198 2762 Et
208 2718 282 2762 certe
293 2715 375 2776 magis
386 2713 481 2766 durent
497 2715 565 2764 melu
579 2729 665 2764 exem·
705 2714 765 2765 dem
775 2714 898 2764 Cereris.
930 2714 939 2741 ‘
950 2713 1010 2764 Quo
1020 2719 1125 2761 senatus
1135 2712 1181 2760 die
1194 2713 1240 2762 ire·

129 2785 173 2847 plu
192 2786 390 2849 dominantium,
409 2803 484 2854 quarn
502 2789 563 2838 boni
581 2803 666 2838 moros
706 2789 774 2840 riori
790 2803 843 2854 quo
863 2787 973 2852 populus
989 2787 1066 2836 Reus.
1078 2785 1242 2850 quiquidem

129 2860 189 2911 nori
210 2863 346 2926 principis,
364 2872 393 2914 et
410 2865 487 2926 longe
506 2866 594 2928 plures
608 2863 664 2914 iue-
705 2867 778 2916 nulls
787 2867 812 2914 iu
824 2864 952 2914 concione
961 2875 1071 2926 uuquam
1078 2859 1243 2926 frequentior

129 2945 189 2987 mut
208 2939 269 2987 muli
289 2939 429 3004 principes,
441 2955 515 3005 quem
528 2940 596 2990 boni.
631 2941 665 2990 nt
705 2940 764 3001 fuit,
784 2949 838 2991 tnm
859 2939 971 3004 denique
988 2937 1093 2988 liberati
1112 2949 1161 3000 per
1172 2938 1241 2986 viros

129 3013 162 3062 rb
182 3013 301 3077 Augusto
324 3030 405 3081 nsque
428 3017 460 3066 ed
475 3017 664 3079 Vespasiorum
705 3016 859 3067 fortissimos
878 3014 1046 3074 videbantur,
1063 3013 1134 3078 quie,
1154 3019 1184 3062 ut
1202 3011 1241 3061 tttt

103 3107 106 3112 ·
130 3085 226 3138 frustra
235 3105 334 3153 quaeras
347 3091 434 3141 bunos.
468 3093 504 3142 Et
515 3092 615 3156 possint
623 3107 666 3142 vu·
704 3095 852 3156 vulnerent,
862 3089 1013 3140 libertatem
1030 3103 1082 3152 pan
1101 3101 1241 3153 conseque·

129 3164 224 3214 cabula
235 3164 357 3215 bonorum
368 3165 512 3231 principum
521 3167 608 3216 annuli
616 3168 664 3217 cir·
705 3167 801 3220 batur!

130 3240 188 3290 culo
200 3237 279 3290 facile
291 3243 411 3306 insculpi.
639 3293 643 3300 ,
738 3243 876 3293 tCrimine
889 3243 960 3291 dorsi
977 3240 1242 3305 exemploquelipriron

162 3315 237 3365 Mala
248 3311 378 3380 exemplu,
395 3319 552 3383 principum,
564 3335 609 3370 seu
621 3319 665 3370 de·
704 3320 817 3384 urgebat]
844 3320 951 3369 Crimine
976 3317 1095 3382 urgebat,
1116 3324 1241 3381 tunquam

128 3387 250 3454 laturum,
271 3397 400 3455 perpetuu
423 3399 451 3442 et
474 3401 574 3444 eterna
596 3401 666 3456 sunt,
704 3397 850 3447 delatorem
861 3395 999 3454 mntem
1016 3408 1093 3458 quum
1110 3394 1241 3444 actionem

129 3466 280 3529 abeuntque
310 3467 336 3514 in
366 3469 512 3530 exemplum
548 3471 666 3521 erunibus
706 3472 929 3525 tentaremtolim
941 3468 1242 3532 Helvidius,Gelbsim·

129 3542 241 3606 posteris
254 3537 398 3607 scurrisque
411 3544 521 3594 seculis.
554 3545 593 3596 m
605 3547 666 3596 boni
706 3555 824 3613 perunte,
841 3547 902 3596 dein
913 3547 1046 3608 omiserat,
1062 3552 1093 3595 ut
1102 3542 1241 3594 retertur·

128 3632 215 3667 mores
225 3633 281 3667 aevo
291 3618 365 3668 nnius
378 3619 503 3686 principis
515 3623 666 3688 limitentur,
706 3625 775 3674 citus
786 3624 862 3673 initio
872 3623 949 3688 iurjus
960 3620 1030 3670 libri.

129 3701 157 3742 et
167 3694 212 3742 vix
224 3694 256 3740 nd
269 3707 346 3743 unum
364 3704 408 3744 snt
418 3696 529 3748 alterum
542 3700 666 3749 saeculum
739 3701 865 3763 Exemplo,
882 3700 1003 3763 qnoniam
1014 3695 1144 3746 laudando
1155 3692 1242 3743 Cluvi·

130 3784 157 3818 se
180 3770 335 3832 extendunt,
363 3771 442 3820 etiam
464 3773 491 3822 in
514 3773 665 3825 civitatibus
706 3775 883 3838 um,sicvitae
895 3785 1046 3837 morumque
1062 3769 1241 3820 diversitatem

129 3843 281 3896 felicissimis
308 3853 354 3895 aut
378 3849 482 3914 egregie
505 3851 665 3914 constitutis,
705 3855 833 3904 Marcello
844 3853 1032 3917 exprobrabat.
1059 3851 1173 3899 Pieteno.
1255 3879 1261 3890 ·

129 3921 214 3987 qunsd
228 3935 311 3970 mores
323 3923 446 3987 legesque
458 3933 570 3989 spectet.
738 3929 881 3992 (lamparet
892 3928 1011 3977 Cluvium
1027 3939 1085 3974 cum
1104 3921 1243 3990 Marcello,

160 4003 173 4027 ¹
186 3996 351 4059 Optimam,
360 4003 412 4060 post
424 4001 509 4048 mdnm
517 4001 665 4066 Principem]
705 4006 745 4056 ite
756 4012 786 4055 nt
796 4006 888 4068 opibus
900 4007 928 4052 ct
939 3999 1062 4051 facundia
1072 3999 1181 4062 perinde
1188 3999 1241 4049 cla·

129 4071 265 4122 Defuncto
279 4073 346 4121 euim
364 4073 430 4122 malo
450 4077 577 4140 principe,
593 4093 667 4127 sena·
707 4095 752 4131 rus
767 4081 802 4131 sit
823 4077 930 4129 Cluvius
950 4090 981 4124 sc
1001 4074 1155 4135 Marcellum
1180 4088 1241 4126 cum

129 4153 170 4201 tus
183 4149 272 4200 statim
283 4163 377 4214 pravos
396 4163 480 4202 mores
496 4151 588 4204 tollere
608 4153 668 4203 niti·
707 4155 757 4207 lroe
773 4153 931 4220 discrimine,
946 4148 1016 4217 qnod
1030 4148 1130 4201 diuitiis
1145 4157 1173 4201 et
1189 4149 1242 4203 elu-
