2925 4742
203 263 293 332 ffldd
504 337 508 344 ,
556 278 590 328 c.
613 255 796 329 conu'nnrr
820 276 947 326 rncrrr
1144 278 1308 343 [numa

205 427 407 510 praemisere,
430 423 490 507 qui
513 421 682 487 Herennio
705 421 806 486 Gallo
823 420 985 486 'mandata
1006 419 1189 486 cohortium
1202 439 1309 506 expo-

206 546 285 592 nere
309 534 336 588 :²
360 532 370 560 ‘
385 526 510 589 nullum
525 524 590 588 sihi
605 524 727 588 hellam
740 523 901 588 adversus
913 521 1095 600 Romanos,
1112 541 1172 606 pro
1183 524 1311 606 quihus

207 628 527 703 totienshcllassent.
572 625 689 708 longa
711 631 813 710 atque
835 627 927 690 irrita
950 625 1067 689 militia
1080 625 1178 688 lconis
1191 626 1311 708 patriae

207 735 308 814 atquc
327 731 388 794 otii
410 729 598 811 cupidinem
620 749 706 793 esse.
750 729 789 793 Si
807 747 905 792 nemo
924 730 1112 804 obsisterat,
1135 728 1311 790 innoxium

207 832 368 910 iterfore3
390 832 444 894 sin
455 836 741 907 armaoccurrant,
753 832 939 896 terrorism
949 828 1162 894 inventuros!
1199 827 1311 892 Cunc-

208 939 330 1000 tantem
346 933 509 1016 legatum
530 934 650 997 milites
673 933 895 1016 perpulerant,
920 935 931 965 ‘
945 931 1111 994 fortunam
1127 930 1237 1014 praelii
1250 949 1314 994 ex·

207 1034 385 1118 pcrirctur.’
415 1034 496 1098 Tria
508 1034 893 1116 millialegionariorum⁸
907 1038 940 1098 ct
955 1035 1178 1098 tumultuariae
1190 1033 1313 1116 Belga·

208 1157 282 1200 mm
306 1136 473 1212 cohortes,
499 1137 598 1199 simul
623 1155 827 1219 paganorum
848 1137 1059 1219 lixarumque
1083 1137 1226 1217 ignava,³
1250 1133 1314 1198 nod

209 1258 337 1324 procax
361 1245 438 1302 ante
457 1238 651 1320 pericnlum,
674 1257 805 1315 manus,
830 1239 989 1303 omuibus'
1006 1239 1111 1321 portis
1125 1241 1313 1320 erumpunt,

209 1347 246 1405 ut
268 1341 421 1405 Batavos
442 1358 580 1402 numero
603 1341 749 1423 impuros
772 1340 1061 1405 circumfundant-4
1103 1339 1169 1418 Illi,
1185 1346 1314 1402 veteres

209 1443 350 1518 militiae,
364 1443 398 1505 in
413 1446 556 1505 cuneos⁵
572 1446 822 1523 congregantur,
845 1439 938 1505 densi
961 1441 1105 1524 undique
1125 1447 1159 1505 et
1172 1439 1314 1504 frontem

209 1549 367 1626 tergaque
380 1563 422 1607 ac
441 1542 534 1606 latus.
542 1542 617 1606 tuti.
661 1541 721 1606 Sic
741 1548 869 1606 tenuem
889 1543 996 1606 aciem
1011 1541 1216 1606 nostrornm⁶
1239 1561 1317 1625 per·

208 1643 362 1727 iringunt.
408 1643 609 1708 (ledentibus
631 1643 754 1726 Belgis,
778 1643 914 1726 pellitur
931 1643 1027 1726 legio,
1050 1648 1084 1707 et
1098 1643 1222 1707 vallum
1236 1661 1319 1726 por·

210 1752 331 1829 ianque
354 1745 473 1829 trepidi
496 1746 662 1828 petebant.
706 1745 761 1810 Ibi
784 1745 964 1828 plurimum
986 1745 1111 1809 cladis:
1135 1745 1320 1809 cumulatae

210 1848 404 1930 corporibus
418 1846 539 1910 fossae:
562 1865 622 1910 nec
634 1847 728 1919 caede
742 1851 867 1909 tuntum
882 1854 915 1910 ct
924 1847 1122 1923 vulneribnS,
1135 1846 1195 1908 sed
1205 1841 1323 1909 rninu‘

212 1952 245 2011 et
258 1950 331 2029 suia
343 1949 518 2032 plerique⁷
537 1950 613 2012 telis
626 1948 805 2013 interiere.⁸
850 1947 1018 2026 Victores,
1042 1949 1176 2013 colonia
1189 1947 1319 2032 Agrip-

207 2092 1321 2220 mtt,tt.tttdttttttdrz.lti⁸ttiidttttttd‘tittdttt

209 2221 270 2283 ipsis
278 2220 433 2269 desiderium
445 2235 502 2270 esse
512 2222 605 2285 patria
616 2229 643 2270 et
653 2223 757 2286 quietis.
790 2225 816 2272 Si
834 2239 909 2273 nemo
921 2224 1046 2283 obstaret,
1064 2223 1089 2272 iu
1099 2223 1139 2272 uia
1150 2222 1213 2270 nihii
1223 2223 1321 2272 hostile

211 2285 407 2344 commissuros;
431 2285 501 2347 quod
521 2287 543 2334 si
563 2301 634 2334 arma
651 2295 826 2350 opponantur,
843 2291 916 2337 omnis
934 2287 1049 2350 ferroque
1065 2288 1117 2336 iter
1126 2285 1173 2335 sibi
1190 2285 1320 2336 factiuns.

113 2351 123 2369 ‘
213 2347 308 2397 Milites
317 2349 446 2397 incitarunt
457 2349 603 2398 dubitantem
615 2353 730 2412 tegetum,
739 2359 768 2400 ut
779 2350 909 2401 fortunam
921 2366 1014 2414 puguoe
1026 2359 1149 2402 tentaret·
1175 2351 1233 2399 ibin
1243 2352 1322 2399 mitiis

210 2412 400 2474 legionariorum,
419 2419 442 2461 et
452 2413 575 2461 subitariis
583 2415 687 2464 cohortes
696 2415 837 2475 murrum,
853 2417 966 2478 simulque
982 2418 1158 2480 oppidanorum,
1175 2419 1199 2464 et
1211 2417 1321 2464 lixarum

212 2477 286 2537 iners,
301 2478 342 2525 sed
352 2478 459 2538 petutuns
469 2483 524 2525 oute
535 2478 672 2538 direrimen,
690 2480 771 2541 turbo,
790 2481 896 2528 omnbus
907 2482 985 2544 portis
994 2479 1155 2544 effunduntur,
1174 2485 1200 2528 ut
1212 2480 1322 2528 Butoms

211 2541 443 2604 nuneroinaepuutes
452 2541 646 2591 circumveniunt.
683 2543 733 2601 Ilii,
747 2544 841 2606 pridem
852 2545 910 2594 betto
926 2545 1035 2604 exerciti,
1053 2545 1080 2592 in
1090 2558 1172 2593 euneos
1178 2558 1321 2605 componun-

211 2608 262 2668 tur,
282 2604 382 2664 conferti
392 2605 502 2668 undique,
519 2610 543 2654 et
553 2605 657 2665 ufmntc
672 2624 688 2656 u
698 2612 766 2670 tergo
777 2614 845 2671 utque
857 2623 871 2656 n
881 2609 994 2657 luteribus
1001 2607 1100 2668 Mensi-
1132 2607 1174 2658 tte
1184 2607 1322 2670 infrequen-

211 2673 260 2717 tern
272 2671 346 2718 ueiens
356 2673 489 2718 nodrorum
497 2676 659 2733 perrumpunt.
692 2671 879 2722 discedentibus
890 2672 984 2734 Belgis,
1000 2672 1152 2736 proturbatur
1163 2673 1236 2734 legio,
1251 2676 1276 2722 et
1287 2674 1322 2722 nd

212 2739 290 2782 costra
308 2739 432 2796 portuque
448 2735 530 2797 ponidi
548 2735 725 2784 contendebant.
760 2735 814 2785 litte
832 2737 935 2799 plurimu
951 2739 1038 2786 eoeder:
1055 2738 1158 2800 impletu
1168 2737 1323 2786 munibus

162 2826 164 2833 ·
207 2796 296 2863 spssoe:
311 2813 353 2846 nee
358 2797 427 2857 serre
438 2803 532 2846 tuntum
543 2803 567 2846 et
576 2799 709 2848 sularibus
717 2801 853 2863 perir·e,sed
864 2802 940 2849 ctiam
952 2816 1007 2850 coru
1016 2817 1045 2850 oe
1054 2805 1145 2863 strage,
1155 2807 1178 2850 et
1188 2802 1239 2850 suis
1248 2799 1324 2862 pteri-

214 2876 256 2924 que
265 2862 320 2910 telis
330 2861 452 2912 confossi.
488 2861 604 2927 Victores,
622 2864 740 2912 declinato
756 2865 854 2914 eicitute
871 2865 1091 2928 Agrippinensium,
1108 2865 1170 2914 nibit
1183 2865 1267 2914 hostile
1275 2879 1323 2929 per

679 2988 858 3008 “nomnen

214 3073 231 3118 2
248 3067 291 3118 Ita
301 3069 441 3118 Memor.
454 3067 520 3132 Reg.
533 3075 562 3118 et
572 3069 614 3120 ed.
626 3070 759 3136 princeps.
788 3071 864 3124 Quod
873 3069 1040 3136 quoqueJuc.
1051 3072 1167 3122 Gronov.
1175 3071 1325 3136 probatum.

216 3133 376 3182 Puteolanus
397 3132 539 3197 ceterique,
559 3141 759 3198 exponerent-t
784 3136 827 3186 lta
850 3137 916 3186 bene
939 3138 1076 3186 Rhenanus
1098 3146 1126 3188 et
1148 3139 1322 3188 recentiores.

217 3197 289 3246 Male
301 3199 363 3247 hlss.
376 3205 404 3245 et
416 3196 670 3258 veremudidem,
684 3201 798 3262 ignaria:
817 3201 955 3249 Gronoriis
964 3202 1094 3250 immerito
1106 3201 1254 3264 probarum.
1289 3202 1323 3252 Iu

215 3261 268 3309 Mn.
283 3261 357 3310 Harl.
370 3262 485 3310 secunda
498 3276 572 3310 mauu
585 3263 759 3327 emendarum,
775 3265 871 3327 ignoce
888 3265 1051 3316 Brunca—d
1068 3267 1139 3314 Male
1152 3267 1202 3314 Mo.
1213 3266 1281 3316 Bud.
1293 3276 1324 3316 et

215 3325 363 3387 erenunun,
380 3326 537 3375 circumdent.
553 3325 684 3377 Μυκη-νδ
702 3329 745 3377 sio
762 3329 828 3377 hene
842 3329 905 3378 Mur.
915 3331 1001 3378 Votic.
1013 3334 1085 3378 1864.
1097 3330 1167 3378 Flor.
1177 3331 1242 3394 Reg.
1255 3330 1324 3393 Agr.

215 3389 298 3439 editio
315 3391 438 3452 princeps
458 3397 487 3438 et
505 3391 673 3440 recentiorem
707 3393 779 3442 Male
791 3394 855 3442 Mes.
867 3393 1027 3442 Hurl.Bodi.
1039 3395 1094 3444 Jes.
1109 3403 1137 3442 et
1154 3395 1328 3456 Puteolanos,

216 3454 253 3501 itti
269 3454 355 3502 ceteris
371 3453 465 3502 militia
480 3469 593 3503 mensores
607 3456 634 3504 in
652 3456 733 3505 cuneis
751 3463 932 3518 congregantur.
950 3457 1112 3508 Erotion-b
1128 3457 1172 3508 sic
1183 3459 1325 3508 Rhenanus

217 3516 321 3581 aliique.
355 3518 421 3566 Mus.
439 3518 516 3567 Harl.
535 3518 611 3569 Bodi.
628 3519 686 3571 Jes.
704 3520 771 3583 Agr.
782 3521 849 3570 Edd.
862 3528 964 3571 veteres
976 3537 1034 3572 cum
1046 3523 1158 3586 Rychio,
1168 3523 1282 3573 Gronov.
1294 3531 1325 3573 et

212 3580 327 3632 Brorier.
345 3581 443 3631 hshent
461 3587 512 3631 ten.
523 3587 599 3632 nostr.
611 3585 743 3634 oriem—i
761 3586 905 3636 hta-Corb.
923 3594 952 3636 ct
967 3587 1049 3636 editio
1061 3581 1261 3652 princepsssm's
1269 3589 1322 3652 pie·

713 3717 821 3768 NOTAE

247 3828 335 3878 ‘liis
356 3828 433 3877 mittio
454 3827 649 3892 legisnaeierm]
682 3830 747 3879 Cum
787 3830 847 3880 hinc
859 3829 885 3879 in
897 3829 978 3879 fossas
986 3829 1159 3880 circumdatas
1167 3830 1236 3880 rullo
1244 3831 1325 3883 cude-

214 3905 318 3969 intem
327 3906 396 3969 legio
407 3912 510 3955 constet
519 3909 594 3954 ww.
611 3912 657 3954 sut
673 3906 749 3954 mini·
790 3905 872 3966 hont3
888 3915 916 3954 er
926 3917 987 3953 canu
998 3905 1053 3968 iilo,
1066 3919 1113 3954 scu
1124 3905 1198 3958 ruins
1207 3906 1323 3972 periere,

215 3999 284 4034 nrum
292 3983 487 4033 §mutilibus
495 3990 659 4034 armatorum.
670 3983 748 4036 dail.
790 3987 819 4030 et
839 3989 894 4030 tum
914 3980 1031 4044 plerique
1051 3980 1178 4041 cudendo,
1198 3983 1321 4046 propriis,

248 4057 259 4090 f
272 4059 323 4108 Sed
331 4059 414 4122 ruine]
429 4059 509 4121 Poto,
519 4060 581 4125 qnls
590 4059 641 4110 frui
652 4059 750 4124 ingan„
790 4058 976 4110 retrochum
987 4059 1066 4109 armis
1077 4057 1303 4112 committuntur.

217 4147 268 4198 que
280 4134 424 4186 tendebant
440 4135 472 4185 sd
485 4135 580 4186 vultum
597 4143 626 4188 et
642 4144 732 4203 portus
740 4155 749 4202 ;
