<?xml version="1.0" encoding="UTF-8"?>
<!DOCTYPE html PUBLIC "-//W3C//DTD XHTML 1.0 Transitional//EN"
    "http://www.w3.org/TR/xhtml1/DTD/xhtml1-transitional.dtd">
<html xmlns="http://www.w3.org/1999/xhtml" xml:lang="en" lang="en">
 <head>
  <title>
</title>
<meta http-equiv="Content-Type" content="text/html;charset=utf-8" />
  <meta name='ocr-system' content='tesseract 3.04.00' />
  <meta name='ocr-capabilities' content='ocr_page ocr_carea ocr_par ocr_line ocrx_word'/>
</head>
<body>
  <div class='ocr_page' id='page_1' title='image "./ccorneliitaciti02lipsgoog/ccorneliitaciti02lipsgoog_0355.png"; bbox 0 0 2925 4742; ppageno 0'>
   <div class='ocr_carea' id='block_1_1' title="bbox 130 327 1246 408">
    <p class='ocr_par' dir='ltr' id='par_1_1' title="bbox 130 327 1246 408">
     <span class='ocr_line' id='line_1_1' title="bbox 130 327 1246 408; baseline -0.012 -10"><span class='ocrx_word' id='word_1_1' title='bbox 130 343 259 408; x_wconf 70' lang='lat' dir='ltr'><strong>uere]</strong></span> <span class='ocrx_word' id='word_1_2' title='bbox 469 341 738 394; x_wconf 75' lang='lat' dir='ltr'><strong>uterouleuuu</strong></span> <span class='ocrx_word' id='word_1_3' title='bbox 770 341 845 393; x_wconf 75' lang='lat' dir='ltr'><strong>utu.</strong></span> <span class='ocrx_word' id='word_1_4' title='bbox 869 343 920 392; x_wconf 91' lang='lat' dir='ltr'><strong>rv.</strong></span> <span class='ocrx_word' id='word_1_5' title='bbox 1158 327 1246 400; x_wconf 75' lang='lat'><strong>8098</strong></span> 
     </span>
    </p>
   </div>
   <div class='ocr_carea' id='block_1_2' title="bbox 49 483 1252 1282">
    <p class='ocr_par' dir='ltr' id='par_1_2' title="bbox 49 483 1252 1282">
     <span class='ocr_line' id='line_1_2' title="bbox 129 483 1245 569; baseline 0.002 -19"><span class='ocrx_word' id='word_1_6' title='bbox 129 504 224 568; x_wconf 89' lang='lat' dir='ltr'><strong>quam</strong></span> <span class='ocrx_word' id='word_1_7' title='bbox 238 503 425 552; x_wconf 86' lang='lat' dir='ltr'><strong>numerum</strong></span> <span class='ocrx_word' id='word_1_8' title='bbox 437 485 625 551; x_wconf 86' lang='lat' dir='ltr'><strong>liberorum.</strong></span> <span class='ocrx_word' id='word_1_9' title='bbox 672 485 765 550; x_wconf 88' lang='lat' dir='ltr'><strong>Nam</strong></span> <span class='ocrx_word' id='word_1_10' title='bbox 782 486 911 552; x_wconf 83' lang='lat' dir='ltr'><strong>amicos</strong></span> <span class='ocrx_word' id='word_1_11' title='bbox 927 491 1086 569; x_wconf 89' lang='lat' dir='ltr'><strong>tempore,</strong></span> <span class='ocrx_word' id='word_1_12' title='bbox 1101 483 1245 566; x_wconf 70' lang='lat' dir='ltr'><strong>sonunt,</strong></span> 
     </span>
     <span class='ocr_line' id='line_1_3' title="bbox 128 584 1249 672; baseline 0.002 -22"><span class='ocrx_word' id='word_1_13' title='bbox 128 584 352 668; x_wconf 84' lang='lat' dir='ltr'><strong>cupidinibus</strong></span> <span class='ocrx_word' id='word_1_14' title='bbox 368 586 562 672; x_wconf 79' lang='lat' dir='ltr'><strong>aliquando,</strong></span> <span class='ocrx_word' id='word_1_15' title='bbox 589 591 650 650; x_wconf 84' lang='lat' dir='ltr'><strong>eut</strong></span> <span class='ocrx_word' id='word_1_16' title='bbox 671 587 853 664; x_wconf 89' lang='lat' dir='ltr'><strong>erroribus,</strong></span> <span class='ocrx_word' id='word_1_17' title='bbox 868 588 1045 665; x_wconf 77' lang='lat' dir='ltr'><strong>imminui,⁸</strong></span> <span class='ocrx_word' id='word_1_18' title='bbox 1058 587 1249 667; x_wconf 62' lang='lat' dir='ltr'><strong>transferri:</strong></span> 
     </span>
     <span class='ocr_line' id='line_1_4' title="bbox 129 687 1248 771; baseline 0.004 -19"><span class='ocrx_word' id='word_1_19' title='bbox 129 687 291 753; x_wconf 75' lang='lat' dir='ltr'><strong>desinere:</strong></span> <span class='ocrx_word' id='word_1_20' title='bbox 316 708 419 753; x_wconf 86' lang='lat' dir='ltr'><strong>suurn</strong></span> <span class='ocrx_word' id='word_1_21' title='bbox 433 691 556 771; x_wconf 90' lang='lat' dir='ltr'><strong>cuique</strong></span> <span class='ocrx_word' id='word_1_22' title='bbox 570 690 768 771; x_wconf 80' lang='lat' dir='ltr'><strong>sauguinem</strong></span> <span class='ocrx_word' id='word_1_23' title='bbox 783 688 1012 767; x_wconf 86' lang='lat' dir='ltr'><strong>indiscretum,</strong></span> <span class='ocrx_word' id='word_1_24' title='bbox 1030 689 1088 754; x_wconf 86' lang='lat' dir='ltr'><strong>sed</strong></span> <span class='ocrx_word' id='word_1_25' title='bbox 1102 691 1248 757; x_wconf 73' lang='lat' dir='ltr'><strong>maxime</strong></span> 
     </span>
     <span class='ocr_line' id='line_1_5' title="bbox 129 783 1250 880; baseline 0.002 -28"><span class='ocrx_word' id='word_1_26' title='bbox 129 785 371 868; x_wconf 82' lang='lat' dir='ltr'><strong>Principibus:</strong></span> <span class='ocrx_word' id='word_1_27' title='bbox 393 809 532 874; x_wconf 89' lang='lat' dir='ltr'><strong>quorum</strong></span> <span class='ocrx_word' id='word_1_28' title='bbox 556 790 726 880; x_wconf 73' lang='lat' dir='ltr'><strong>prosperis</strong></span> <span class='ocrx_word' id='word_1_29' title='bbox 739 797 773 855; x_wconf 89' lang='lat' dir='ltr'><strong>et</strong></span> <span class='ocrx_word' id='word_1_30' title='bbox 788 783 1022 867; x_wconf 84' lang='lat' dir='ltr'><strong>alii&#39;fruantur,</strong></span> <span class='ocrx_word' id='word_1_31' title='bbox 1049 790 1190 854; x_wconf 85' lang='lat' dir='ltr'><strong>adversa</strong></span> <span class='ocrx_word' id='word_1_32' title='bbox 1204 789 1250 854; x_wconf 84' lang='lat' dir='ltr'><strong>ad</strong></span> 
     </span>
     <span class='ocr_line' id='line_1_6' title="bbox 124 889 1250 976; baseline 0.004 -25"><span class='ocrx_word' id='word_1_33' title='bbox 124 889 366 972; x_wconf 85' lang='lat' dir='ltr'><strong>junctissimos</strong></span> <span class='ocrx_word' id='word_1_34' title='bbox 378 893 575 976; x_wconf 87' lang='lat' dir='ltr'><strong>pertineant:</strong></span> <span class='ocrx_word' id='word_1_35' title='bbox 598 910 638 954; x_wconf 91' lang='lat' dir='ltr'><strong>ne</strong></span> <span class='ocrx_word' id='word_1_36' title='bbox 653 891 807 956; x_wconf 83' lang='lat' dir='ltr'><strong>fratribus</strong></span> <span class='ocrx_word' id='word_1_37' title='bbox 818 891 953 975; x_wconf 87' lang='lat' dir='ltr'><strong>quidem</strong></span> <span class='ocrx_word' id='word_1_38' title='bbox 965 911 1157 956; x_wconf 81' lang='lat' dir='ltr'><strong>mansuram</strong></span> <span class='ocrx_word' id='word_1_39' title='bbox 1171 911 1250 956; x_wconf 92' lang='lat' dir='ltr'><strong>con·</strong></span> 
     </span>
     <span class='ocr_line' id='line_1_7' title="bbox 129 989 1250 1082; baseline 0.002 -26"><span class='ocrx_word' id='word_1_40' title='bbox 129 989 292 1068; x_wconf 82' lang='lat' dir='ltr'><strong>cordiam,</strong></span> <span class='ocrx_word' id='word_1_41' title='bbox 307 993 349 1055; x_wconf 91' lang='lat' dir='ltr'><strong>ni</strong></span> <span class='ocrx_word' id='word_1_42' title='bbox 362 1001 497 1075; x_wconf 84' lang='lat' dir='ltr'><strong>pareus¹</strong></span> <span class='ocrx_word' id='word_1_43' title='bbox 513 995 705 1078; x_wconf 75' lang='lat' dir='ltr'><strong>exemptum</strong></span> <span class='ocrx_word' id='word_1_44' title='bbox 718 994 948 1082; x_wconf 89' lang='lat' dir='ltr'><strong>praebuisset.&#39;</strong></span> <span class='ocrx_word' id='word_1_45' title='bbox 1003 993 1250 1077; x_wconf 60' lang='lat' dir='ltr'><strong>Vespasianus</strong></span> 
     </span>
     <span class='ocr_line' id='line_1_8' title="bbox 130 1093 1250 1180; baseline 0.003 -24"><span class='ocrx_word' id='word_1_46' title='bbox 130 1093 218 1156; x_wconf 90' lang='lat' dir='ltr'><strong>baud</strong></span> <span class='ocrx_word' id='word_1_47' title='bbox 229 1112 340 1176; x_wconf 81' lang='lat' dir='ltr'><strong>aeque</strong></span> <span class='ocrx_word' id='word_1_48' title='bbox 350 1095 545 1160; x_wconf 85' lang='lat' dir='ltr'><strong>Domitiano</strong></span> <span class='ocrx_word' id='word_1_49' title='bbox 558 1097 745 1179; x_wconf 80' lang='lat' dir='ltr'><strong>mitigatus,</strong></span> <span class='ocrx_word' id='word_1_50' title='bbox 754 1115 856 1180; x_wconf 84' lang='lat' dir='ltr'><strong>quam</strong></span> <span class='ocrx_word' id='word_1_51' title='bbox 865 1096 935 1160; x_wconf 81' lang='lat' dir='ltr'><strong>Titi</strong></span> <span class='ocrx_word' id='word_1_52' title='bbox 949 1097 1073 1180; x_wconf 83' lang='lat' dir='ltr'><strong>pietate</strong></span> <span class='ocrx_word' id='word_1_53' title='bbox 1087 1095 1250 1178; x_wconf 81' lang='lat' dir='ltr'><strong>gaudens,</strong></span> 
     </span>
     <span class='ocr_line' id='line_1_9' title="bbox 49 1194 1252 1282; baseline 0.001 -23"><span class='ocrx_word' id='word_1_54' title='bbox 49 1222 52 1226; x_wconf 51' lang='lat'><em>⁴</em></span> <span class='ocrx_word' id='word_1_55' title='bbox 132 1199 142 1228; x_wconf 84' lang='lat'><em>¹</em></span> <span class='ocrx_word' id='word_1_56' title='bbox 155 1194 247 1259; x_wconf 91' lang='lat' dir='ltr'><strong>bono</strong></span> <span class='ocrx_word' id='word_1_57' title='bbox 261 1215 346 1260; x_wconf 87' lang='lat' dir='ltr'><strong>esse</strong></span> <span class='ocrx_word' id='word_1_58' title='bbox 360 1197 481 1262; x_wconf 88' lang='lat' dir='ltr'><strong>animo&#39;</strong></span> <span class='ocrx_word' id='word_1_59' title='bbox 500 1198 607 1281; x_wconf 87' lang='lat' dir='ltr'><strong>jubet,</strong></span> <span class='ocrx_word' id='word_1_60' title='bbox 632 1204 642 1234; x_wconf 87' lang='lat'>‘</span> <span class='ocrx_word' id='word_1_61' title='bbox 657 1201 812 1282; x_wconf 91' lang='lat' dir='ltr'><strong>belloque</strong></span> <span class='ocrx_word' id='word_1_62' title='bbox 824 1203 857 1262; x_wconf 86' lang='lat' dir='ltr'><strong>et</strong></span> <span class='ocrx_word' id='word_1_63' title='bbox 873 1199 974 1262; x_wconf 83' lang='lat' dir='ltr'><strong>ermis</strong></span> <span class='ocrx_word' id='word_1_64' title='bbox 989 1197 1252 1280; x_wconf 81' lang='lat' dir='ltr'><strong>Rempublicam</strong></span> 
     </span>
    </p>
   </div>
   <div class='ocr_carea' id='block_1_3' title="bbox 28 1295 1253 1384">
    <p class='ocr_par' dir='ltr' id='par_1_3' title="bbox 28 1295 1253 1384">
     <span class='ocr_line' id='line_1_10' title="bbox 28 1295 1253 1384; baseline 0.003 -26"><span class='ocrx_word' id='word_1_65' title='bbox 28 1346 29 1349; x_wconf 17' lang='grc' dir='ltr'>ι</span> <span class='ocrx_word' id='word_1_66' title='bbox 131 1295 284 1359; x_wconf 86' lang='lat' dir='ltr'><strong>attollere</strong></span> <span class='ocrx_word' id='word_1_67' title='bbox 294 1304 321 1362; x_wconf 90' lang='lat'><strong>:²</strong></span> <span class='ocrx_word' id='word_1_68' title='bbox 343 1298 410 1361; x_wconf 90' lang='lat' dir='ltr'><strong>sibi</strong></span> <span class='ocrx_word' id='word_1_69' title='bbox 423 1318 541 1381; x_wconf 85' lang='lat' dir='ltr'><strong>pacem</strong></span> <span class='ocrx_word' id='word_1_70' title='bbox 562 1299 762 1384; x_wconf 93' lang='lat' dir='ltr'><strong>domumque</strong></span> <span class='ocrx_word' id='word_1_71' title='bbox 777 1320 867 1364; x_wconf 88' lang='lat' dir='ltr'><strong>curae</strong></span> <span class='ocrx_word' id='word_1_72' title='bbox 883 1297 975 1365; x_wconf 73' lang='lat' dir='ltr'><strong>fore!</strong></span> <span class='ocrx_word' id='word_1_73' title='bbox 1018 1299 1108 1362; x_wconf 69' lang='lat' dir='ltr'><strong>&#39;Pum</strong></span> <span class='ocrx_word' id='word_1_74' title='bbox 1123 1298 1253 1362; x_wconf 86' lang='lat' dir='ltr'><strong>celerri-</strong></span> 
     </span>
    </p>
   </div>
   <div class='ocr_carea' id='block_1_4' title="bbox 130 1391 1254 1581">
    <p class='ocr_par' dir='ltr' id='par_1_4' title="bbox 130 1391 1254 1581">
     <span class='ocr_line' id='line_1_11' title="bbox 130 1391 1251 1477; baseline 0.004 -18"><span class='ocrx_word' id='word_1_75' title='bbox 130 1415 202 1460; x_wconf 90' lang='lat' dir='ltr'><strong>mas</strong></span> <span class='ocrx_word' id='word_1_76' title='bbox 214 1397 373 1477; x_wconf 78' lang='lat' dir='ltr'><strong>navium,</strong></span> <span class='ocrx_word' id='word_1_77' title='bbox 387 1397 550 1464; x_wconf 86' lang='lat' dir='ltr'><strong>frumento</strong></span> <span class='ocrx_word' id='word_1_78' title='bbox 565 1407 714 1476; x_wconf 83' lang='lat' dir='ltr'><strong>onustas,</strong></span> <span class='ocrx_word' id='word_1_79' title='bbox 732 1419 827 1466; x_wconf 82' lang='lat' dir='ltr'><strong>saeuo</strong></span> <span class='ocrx_word' id='word_1_80' title='bbox 840 1399 948 1465; x_wconf 84' lang='lat' dir='ltr'><strong>adhuc</strong></span> <span class='ocrx_word' id='word_1_81' title='bbox 964 1391 1047 1466; x_wconf 81' lang='lat' dir='ltr'><strong>mari</strong></span> <span class='ocrx_word' id='word_1_82' title='bbox 1064 1398 1251 1464; x_wconf 89' lang='lat' dir='ltr'><strong>committit.</strong></span> 
     </span>
     <span class='ocr_line' id='line_1_12' title="bbox 133 1495 1254 1581; baseline 0 -19"><span class='ocrx_word' id='word_1_83' title='bbox 133 1495 274 1581; x_wconf 83' lang='lat' dir='ltr'><strong>Quippe</strong></span> <span class='ocrx_word' id='word_1_84' title='bbox 290 1504 387 1564; x_wconf 83' lang='lat' dir='ltr'><strong>tanto</strong></span> <span class='ocrx_word' id='word_1_85' title='bbox 402 1499 592 1566; x_wconf 86' lang='lat' dir='ltr'><strong>discrimine</strong></span> <span class='ocrx_word' id='word_1_86' title='bbox 616 1503 696 1566; x_wconf 90' lang='lat' dir='ltr'><strong>urbs</strong></span> <span class='ocrx_word' id='word_1_87' title='bbox 720 1503 869 1579; x_wconf 85' lang='lat' dir='ltr'><strong>nutabat,</strong></span> <span class='ocrx_word' id='word_1_88' title='bbox 892 1507 931 1566; x_wconf 88' lang='lat' dir='ltr'><strong>at</strong></span> <span class='ocrx_word' id='word_1_89' title='bbox 953 1501 1070 1565; x_wconf 89' lang='lat' dir='ltr'><strong>decem</strong></span> <span class='ocrx_word' id='word_1_90' title='bbox 1082 1499 1171 1564; x_wconf 85' lang='lat' dir='ltr'><strong>haud</strong></span> <span class='ocrx_word' id='word_1_91' title='bbox 1184 1518 1254 1563; x_wconf 88' lang='lat' dir='ltr'><strong>am·</strong></span> 
     </span>
    </p>
   </div>
   <div class='ocr_carea' id='block_1_5' title="bbox 28 1599 1254 1684">
    <p class='ocr_par' dir='ltr' id='par_1_5' title="bbox 28 1599 1254 1684">
     <span class='ocr_line' id='line_1_13' title="bbox 28 1599 1254 1684; baseline 0.002 -23"><span class='ocrx_word' id='word_1_92' title='bbox 28 1608 29 1651; x_wconf 73' lang='grc' dir='ltr'>ῑ</span> <span class='ocrx_word' id='word_1_93' title='bbox 130 1599 219 1684; x_wconf 83' lang='lat' dir='ltr'><strong>piius</strong></span> <span class='ocrx_word' id='word_1_94' title='bbox 234 1600 374 1665; x_wconf 82' lang='lat' dir='ltr'><strong>dierum</strong></span> <span class='ocrx_word' id='word_1_95' title='bbox 386 1601 582 1667; x_wconf 80' lang='lat' dir='ltr'><strong>frumentum</strong></span> <span class='ocrx_word' id='word_1_96' title='bbox 599 1605 632 1666; x_wconf 91' lang='lat' dir='ltr'><strong>in</strong></span> <span class='ocrx_word' id='word_1_97' title='bbox 646 1604 773 1668; x_wconf 86' lang='lat' dir='ltr'><strong>horreis</strong></span> <span class='ocrx_word' id='word_1_98' title='bbox 786 1605 896 1681; x_wconf 82' lang='lat' dir='ltr'><strong>tuerit,</strong></span> <span class='ocrx_word' id='word_1_99' title='bbox 913 1623 991 1666; x_wconf 89' lang='lat' dir='ltr'><strong>cum</strong></span> <span class='ocrx_word' id='word_1_100' title='bbox 1005 1621 1027 1667; x_wconf 83' lang='lat' dir='ltr'><strong>a</strong></span> <span class='ocrx_word' id='word_1_101' title='bbox 1042 1601 1254 1684; x_wconf 76' lang='lat' dir='ltr'><strong>Vespasiano</strong></span> 
     </span>
    </p>
   </div>
   <div class='ocr_carea' id='block_1_6' title="bbox 133 1704 1254 1888">
    <p class='ocr_par' dir='ltr' id='par_1_6' title="bbox 133 1704 1254 1888">
     <span class='ocr_line' id='line_1_14' title="bbox 133 1704 1152 1798; baseline 0.009 -35"><span class='ocrx_word' id='word_1_102' title='bbox 133 1709 351 1767; x_wconf 80' lang='lat' dir='ltr'><strong>commeatus</strong></span> <span class='ocrx_word' id='word_1_103' title='bbox 364 1704 559 1769; x_wconf 89' lang='lat' dir='ltr'><strong>subvenere.</strong></span> <span class='ocrx_word' id='word_1_104' title='bbox 1147 1789 1152 1798; x_wconf 76' lang='lat'><strong>.</strong></span> 
     </span>
     <span class='ocr_line' id='line_1_15' title="bbox 173 1803 1254 1888; baseline 0 -20"><span class='ocrx_word' id='word_1_105' title='bbox 173 1803 232 1868; x_wconf 74' lang='lat'><strong>53.</strong></span> <span class='ocrx_word' id='word_1_106' title='bbox 257 1803 391 1870; x_wconf 84' lang='lat' dir='ltr'><strong>Curam</strong></span> <span class='ocrx_word' id='word_1_107' title='bbox 406 1805 601 1870; x_wconf 87' lang='lat' dir='ltr'><strong>restituendi</strong></span> <span class='ocrx_word' id='word_1_108' title='bbox 625 1805 794 1888; x_wconf 75' lang='lat' dir='ltr'><strong>capitoliiu</strong></span> <span class='ocrx_word' id='word_1_109' title='bbox 809 1807 843 1868; x_wconf 92' lang='lat' dir='ltr'><strong>in</strong></span> <span class='ocrx_word' id='word_1_110' title='bbox 856 1805 897 1868; x_wconf 88' lang='lat' dir='ltr'><strong>L.</strong></span> <span class='ocrx_word' id='word_1_111' title='bbox 910 1804 1087 1869; x_wconf 79' lang='lat' dir='ltr'><strong>Vestinum</strong></span> <span class='ocrx_word' id='word_1_112' title='bbox 1101 1803 1254 1882; x_wconf 86' lang='lat' dir='ltr'><strong>consert,¹</strong></span> 
     </span>
    </p>
   </div>
   <div class='ocr_carea' id='block_1_7' title="bbox 135 1969 1262 2742">
    <p class='ocr_par' dir='ltr' id='par_1_7' title="bbox 135 1969 1262 2676">
     <span class='ocr_line' id='line_1_16' title="bbox 135 1969 1257 2033; baseline 0.001 -16"><span class='ocrx_word' id='word_1_113' title='bbox 135 1969 240 2032; x_wconf 88' lang='lat' dir='ltr'><strong>imperii</strong></span> <span class='ocrx_word' id='word_1_114' title='bbox 259 1971 382 2021; x_wconf 87' lang='lat' dir='ltr'><strong>subsidia</strong></span> <span class='ocrx_word' id='word_1_115' title='bbox 399 1979 445 2022; x_wconf 87' lang='lat' dir='ltr'><strong>aut</strong></span> <span class='ocrx_word' id='word_1_116' title='bbox 464 1973 602 2030; x_wconf 81' lang='lat' dir='ltr'><strong>calamina,</strong></span> <span class='ocrx_word' id='word_1_117' title='bbox 617 1985 793 2021; x_wconf 79' lang='lat' dir='ltr'><strong>annumerem</strong></span> <span class='ocrx_word' id='word_1_118' title='bbox 806 1969 927 2020; x_wconf 83' lang='lat' dir='ltr'><strong>fitiorum.</strong></span> <span class='ocrx_word' id='word_1_119' title='bbox 962 1969 1068 2033; x_wconf 80' lang='lat' dir='ltr'><strong>Quippe</strong></span> <span class='ocrx_word' id='word_1_120' title='bbox 1085 1969 1181 2018; x_wconf 85' lang='lat' dir='ltr'><strong>amieos</strong></span> <span class='ocrx_word' id='word_1_121' title='bbox 1192 1974 1257 2018; x_wconf 90' lang='lat' dir='ltr'><strong>teur-</strong></span> 
     </span>
     <span class='ocr_line' id='line_1_17' title="bbox 136 2031 1257 2100; baseline 0 -18"><span class='ocrx_word' id='word_1_122' title='bbox 136 2047 211 2098; x_wconf 86' lang='lat' dir='ltr'><strong>pore,</strong></span> <span class='ocrx_word' id='word_1_123' title='bbox 223 2034 345 2084; x_wconf 75' lang='lat' dir='ltr'><strong>fortunar</strong></span> <span class='ocrx_word' id='word_1_124' title='bbox 356 2036 468 2097; x_wconf 84' lang='lat' dir='ltr'><strong>casibus,</strong></span> <span class='ocrx_word' id='word_1_125' title='bbox 476 2051 506 2085; x_wconf 84' lang='lat' dir='ltr'><strong>ac</strong></span> <span class='ocrx_word' id='word_1_126' title='bbox 518 2036 707 2099; x_wconf 76' lang='lat' dir='ltr'><strong>cupiditatibus</strong></span> <span class='ocrx_word' id='word_1_127' title='bbox 721 2035 871 2100; x_wconf 85' lang='lat' dir='ltr'><strong>aliquando,</strong></span> <span class='ocrx_word' id='word_1_128' title='bbox 889 2040 935 2084; x_wconf 83' lang='lat' dir='ltr'><strong>sut</strong></span> <span class='ocrx_word' id='word_1_129' title='bbox 945 2033 1130 2098; x_wconf 77' lang='lat' dir='ltr'><strong>imprudentis,</strong></span> <span class='ocrx_word' id='word_1_130' title='bbox 1141 2031 1257 2095; x_wconf 81' lang='lat' dir='ltr'><strong>infringi,</strong></span> 
     </span>
     <span class='ocr_line' id='line_1_18' title="bbox 137 2095 1257 2164; baseline -0.002 -18"><span class='ocrx_word' id='word_1_131' title='bbox 137 2100 322 2162; x_wconf 83' lang='lat' dir='ltr'><strong>transmutari,</strong></span> <span class='ocrx_word' id='word_1_132' title='bbox 333 2114 451 2148; x_wconf 87' lang='lat' dir='ltr'><strong>cessare:</strong></span> <span class='ocrx_word' id='word_1_133' title='bbox 470 2115 542 2148; x_wconf 79' lang='lat' dir='ltr'><strong>strom</strong></span> <span class='ocrx_word' id='word_1_134' title='bbox 555 2100 648 2164; x_wconf 89' lang='lat' dir='ltr'><strong>cuique</strong></span> <span class='ocrx_word' id='word_1_135' title='bbox 660 2101 811 2164; x_wconf 79' lang='lat' dir='ltr'><strong>progeniem</strong></span> <span class='ocrx_word' id='word_1_136' title='bbox 824 2113 854 2149; x_wconf 89' lang='lat' dir='ltr'><strong>ac</strong></span> <span class='ocrx_word' id='word_1_137' title='bbox 867 2098 982 2148; x_wconf 85' lang='lat' dir='ltr'><strong>sobolem</strong></span> <span class='ocrx_word' id='word_1_138' title='bbox 993 2097 1201 2160; x_wconf 82' lang='lat' dir='ltr'><strong>inreparabilem,</strong></span> <span class='ocrx_word' id='word_1_139' title='bbox 1210 2095 1257 2146; x_wconf 87' lang='lat' dir='ltr'><strong>sed</strong></span> 
     </span>
     <span class='ocr_line' id='line_1_19' title="bbox 137 2161 1259 2228; baseline 0.001 -19"><span class='ocrx_word' id='word_1_140' title='bbox 137 2163 251 2212; x_wconf 80' lang='lat' dir='ltr'><strong>maxime</strong></span> <span class='ocrx_word' id='word_1_141' title='bbox 264 2164 480 2228; x_wconf 76' lang='lat' dir='ltr'><strong>imperatoribus:</strong></span> <span class='ocrx_word' id='word_1_142' title='bbox 499 2178 608 2228; x_wconf 90' lang='lat' dir='ltr'><strong>quorum</strong></span> <span class='ocrx_word' id='word_1_143' title='bbox 625 2163 755 2214; x_wconf 80' lang='lat' dir='ltr'><strong>felicitate</strong></span> <span class='ocrx_word' id='word_1_144' title='bbox 774 2163 853 2212; x_wconf 82' lang='lat' dir='ltr'><strong>etiam</strong></span> <span class='ocrx_word' id='word_1_145' title='bbox 873 2163 917 2212; x_wconf 85' lang='lat' dir='ltr'><strong>aiii</strong></span> <span class='ocrx_word' id='word_1_146' title='bbox 935 2162 1079 2226; x_wconf 83' lang='lat' dir='ltr'><strong>potiantur,</strong></span> <span class='ocrx_word' id='word_1_147' title='bbox 1096 2161 1259 2226; x_wconf 82' lang='lat' dir='ltr'><strong>improspere</strong></span> 
     </span>
     <span class='ocr_line' id='line_1_20' title="bbox 138 2225 1259 2292; baseline -0.001 -18"><span class='ocrx_word' id='word_1_148' title='bbox 138 2227 170 2274; x_wconf 81' lang='lat' dir='ltr'><strong>ud</strong></span> <span class='ocrx_word' id='word_1_149' title='bbox 182 2228 322 2288; x_wconf 85' lang='lat' dir='ltr'><strong>proximos</strong></span> <span class='ocrx_word' id='word_1_150' title='bbox 332 2233 426 2276; x_wconf 77' lang='lat' dir='ltr'><strong>tartum</strong></span> <span class='ocrx_word' id='word_1_151' title='bbox 439 2235 574 2291; x_wconf 82' lang='lat' dir='ltr'><strong>spectent:</strong></span> <span class='ocrx_word' id='word_1_152' title='bbox 594 2243 627 2276; x_wconf 90' lang='lat' dir='ltr'><strong>ne</strong></span> <span class='ocrx_word' id='word_1_153' title='bbox 646 2227 740 2278; x_wconf 85' lang='lat' dir='ltr'><strong>iratres</strong></span> <span class='ocrx_word' id='word_1_154' title='bbox 751 2227 856 2292; x_wconf 88' lang='lat' dir='ltr'><strong>quidem</strong></span> <span class='ocrx_word' id='word_1_155' title='bbox 875 2233 1022 2275; x_wconf 82' lang='lat' dir='ltr'><strong>retenturos</strong></span> <span class='ocrx_word' id='word_1_156' title='bbox 1042 2225 1182 2275; x_wconf 79' lang='lat' dir='ltr'><strong>amicitiam</strong></span> <span class='ocrx_word' id='word_1_157' title='bbox 1195 2227 1259 2276; x_wconf 83' lang='lat' dir='ltr'><strong>iuter</strong></span> 
     </span>
     <span class='ocr_line' id='line_1_21' title="bbox 138 2289 1261 2356; baseline 0 -18"><span class='ocrx_word' id='word_1_158' title='bbox 138 2303 171 2351; x_wconf 85' lang='lat' dir='ltr'><strong>re,</strong></span> <span class='ocrx_word' id='word_1_159' title='bbox 181 2292 233 2340; x_wconf 90' lang='lat' dir='ltr'><strong>nisi</strong></span> <span class='ocrx_word' id='word_1_160' title='bbox 245 2307 344 2355; x_wconf 75' lang='lat' dir='ltr'><strong>parens</strong></span> <span class='ocrx_word' id='word_1_161' title='bbox 355 2293 489 2355; x_wconf 83' lang='lat' dir='ltr'><strong>specimen</strong></span> <span class='ocrx_word' id='word_1_162' title='bbox 505 2293 676 2342; x_wconf 83' lang='lat' dir='ltr'><strong>exhibuisset.</strong></span> <span class='ocrx_word' id='word_1_163' title='bbox 714 2293 870 2356; x_wconf 75' lang='lat' dir='ltr'><strong>Vespasianus</strong></span> <span class='ocrx_word' id='word_1_164' title='bbox 887 2307 933 2340; x_wconf 79' lang='lat' dir='ltr'><strong>nar</strong></span> <span class='ocrx_word' id='word_1_165' title='bbox 949 2292 1046 2354; x_wconf 76' lang='lat' dir='ltr'><strong>perinde</strong></span> <span class='ocrx_word' id='word_1_166' title='bbox 1058 2291 1165 2353; x_wconf 81' lang='lat' dir='ltr'><strong>placatur</strong></span> <span class='ocrx_word' id='word_1_167' title='bbox 1175 2289 1261 2338; x_wconf 82' lang='lat' dir='ltr'><strong>Darni-</strong></span> 
     </span>
     <span class='ocr_line' id='line_1_22' title="bbox 137 2355 1259 2420; baseline -0.001 -18"><span class='ocrx_word' id='word_1_168' title='bbox 137 2355 213 2417; x_wconf 75' lang='lat' dir='ltr'><strong>tiano,</strong></span> <span class='ocrx_word' id='word_1_169' title='bbox 223 2372 254 2404; x_wconf 84' lang='lat' dir='ltr'><strong>ce</strong></span> <span class='ocrx_word' id='word_1_170' title='bbox 264 2357 372 2405; x_wconf 83' lang='lat' dir='ltr'><strong>caritate</strong></span> <span class='ocrx_word' id='word_1_171' title='bbox 384 2357 436 2404; x_wconf 77' lang='lat' dir='ltr'><strong>Titi</strong></span> <span class='ocrx_word' id='word_1_172' title='bbox 446 2359 523 2415; x_wconf 75' lang='lat' dir='ltr'><strong>teter,</strong></span> <span class='ocrx_word' id='word_1_173' title='bbox 534 2356 600 2406; x_wconf 84' lang='lat' dir='ltr'><strong>forti</strong></span> <span class='ocrx_word' id='word_1_174' title='bbox 611 2372 669 2406; x_wconf 86' lang='lat' dir='ltr'><strong>esse</strong></span> <span class='ocrx_word' id='word_1_175' title='bbox 687 2357 772 2406; x_wconf 87' lang='lat' dir='ltr'><strong>sninro</strong></span> <span class='ocrx_word' id='word_1_176' title='bbox 790 2357 883 2417; x_wconf 72' lang='lat' dir='ltr'><strong>rmdet,</strong></span> <span class='ocrx_word' id='word_1_177' title='bbox 897 2356 1018 2420; x_wconf 88' lang='lat' dir='ltr'><strong>beiioque</strong></span> <span class='ocrx_word' id='word_1_178' title='bbox 1030 2362 1059 2404; x_wconf 92' lang='lat' dir='ltr'><strong>et</strong></span> <span class='ocrx_word' id='word_1_179' title='bbox 1070 2355 1149 2404; x_wconf 86' lang='lat' dir='ltr'><strong>armis</strong></span> <span class='ocrx_word' id='word_1_180' title='bbox 1162 2367 1259 2417; x_wconf 75' lang='lat' dir='ltr'><strong>augere</strong></span> 
     </span>
     <span class='ocr_line' id='line_1_23' title="bbox 140 2417 1261 2484; baseline 0.001 -17"><span class='ocrx_word' id='word_1_181' title='bbox 140 2417 236 2481; x_wconf 85' lang='lat' dir='ltr'><strong>Remp.</strong></span> <span class='ocrx_word' id='word_1_182' title='bbox 250 2435 283 2468; x_wconf 87' lang='lat' dir='ltr'><strong>se</strong></span> <span class='ocrx_word' id='word_1_183' title='bbox 295 2421 354 2484; x_wconf 86' lang='lat' dir='ltr'><strong>paci</strong></span> <span class='ocrx_word' id='word_1_184' title='bbox 365 2429 392 2469; x_wconf 88' lang='lat' dir='ltr'><strong>et</strong></span> <span class='ocrx_word' id='word_1_185' title='bbox 404 2418 510 2469; x_wconf 84' lang='lat' dir='ltr'><strong>iamiiire</strong></span> <span class='ocrx_word' id='word_1_186' title='bbox 521 2421 725 2483; x_wconf 79' lang='lat' dir='ltr'><strong>invigilatorem.</strong></span> <span class='ocrx_word' id='word_1_187' title='bbox 761 2421 827 2470; x_wconf 78' lang='lat' dir='ltr'><strong>Turre</strong></span> <span class='ocrx_word' id='word_1_188' title='bbox 844 2420 948 2484; x_wconf 70' lang='lat' dir='ltr'><strong>iuterna</strong></span> <span class='ocrx_word' id='word_1_189' title='bbox 968 2421 1042 2468; x_wconf 82' lang='lat' dir='ltr'><strong>etium</strong></span> <span class='ocrx_word' id='word_1_190' title='bbox 1057 2425 1108 2468; x_wconf 80' lang='lat' dir='ltr'><strong>tum</strong></span> <span class='ocrx_word' id='word_1_191' title='bbox 1117 2433 1211 2481; x_wconf 79' lang='lat' dir='ltr'><strong>equore</strong></span> <span class='ocrx_word' id='word_1_192' title='bbox 1225 2418 1261 2468; x_wconf 84' lang='lat' dir='ltr'><strong>iu·</strong></span> 
     </span>
     <span class='ocr_line' id='line_1_24' title="bbox 141 2482 1261 2547; baseline 0 -16"><span class='ocrx_word' id='word_1_193' title='bbox 141 2482 279 2542; x_wconf 75' lang='lat' dir='ltr'><strong>rettjusstr</strong></span> <span class='ocrx_word' id='word_1_194' title='bbox 289 2484 462 2547; x_wconf 72' lang='lat' dir='ltr'><strong>promissimus</strong></span> <span class='ocrx_word' id='word_1_195' title='bbox 472 2485 576 2544; x_wconf 83' lang='lat' dir='ltr'><strong>uarium,</strong></span> <span class='ocrx_word' id='word_1_196' title='bbox 592 2485 676 2535; x_wconf 82' lang='lat' dir='ltr'><strong>tritico</strong></span> <span class='ocrx_word' id='word_1_197' title='bbox 693 2489 810 2534; x_wconf 82' lang='lat' dir='ltr'><strong>orreretur.</strong></span> <span class='ocrx_word' id='word_1_198' title='bbox 844 2485 952 2546; x_wconf 75' lang='lat' dir='ltr'><strong>Namque</strong></span> <span class='ocrx_word' id='word_1_199' title='bbox 969 2489 1036 2534; x_wconf 83' lang='lat' dir='ltr'><strong>tauta</strong></span> <span class='ocrx_word' id='word_1_200' title='bbox 1054 2483 1156 2546; x_wconf 80' lang='lat' dir='ltr'><strong>periculo</strong></span> <span class='ocrx_word' id='word_1_201' title='bbox 1176 2482 1261 2532; x_wconf 81' lang='lat' dir='ltr'><strong>ciuitas</strong></span> 
     </span>
     <span class='ocr_line' id='line_1_25' title="bbox 142 2547 1262 2614; baseline 0.001 -19"><span class='ocrx_word' id='word_1_202' title='bbox 142 2547 290 2610; x_wconf 74' lang='lat' dir='ltr'><strong>trepidabat,</strong></span> <span class='ocrx_word' id='word_1_203' title='bbox 301 2553 329 2597; x_wconf 85' lang='lat' dir='ltr'><strong>at</strong></span> <span class='ocrx_word' id='word_1_204' title='bbox 339 2563 431 2597; x_wconf 78' lang='lat' dir='ltr'><strong>annona</strong></span> <span class='ocrx_word' id='word_1_205' title='bbox 443 2564 500 2613; x_wconf 78' lang='lat' dir='ltr'><strong>quae</strong></span> <span class='ocrx_word' id='word_1_206' title='bbox 511 2549 537 2596; x_wconf 86' lang='lat' dir='ltr'><strong>iu</strong></span> <span class='ocrx_word' id='word_1_207' title='bbox 548 2549 640 2598; x_wconf 74' lang='lat' dir='ltr'><strong>horreis</strong></span> <span class='ocrx_word' id='word_1_208' title='bbox 655 2552 686 2599; x_wconf 84' lang='lat' dir='ltr'><strong>ad</strong></span> <span class='ocrx_word' id='word_1_209' title='bbox 706 2552 786 2599; x_wconf 83' lang='lat' dir='ltr'><strong>decem</strong></span> <span class='ocrx_word' id='word_1_210' title='bbox 802 2563 848 2597; x_wconf 78' lang='lat' dir='ltr'><strong>uon</strong></span> <span class='ocrx_word' id='word_1_211' title='bbox 864 2549 967 2612; x_wconf 74' lang='lat' dir='ltr'><strong>mpure</strong></span> <span class='ocrx_word' id='word_1_212' title='bbox 981 2549 1032 2598; x_wconf 82' lang='lat' dir='ltr'><strong>dier</strong></span> <span class='ocrx_word' id='word_1_213' title='bbox 1048 2549 1172 2614; x_wconf 79' lang='lat' dir='ltr'><strong>sufficeret,</strong></span> <span class='ocrx_word' id='word_1_214' title='bbox 1182 2562 1235 2596; x_wconf 82' lang='lat' dir='ltr'><strong>eurr</strong></span> <span class='ocrx_word' id='word_1_215' title='bbox 1245 2561 1262 2596; x_wconf 89' lang='lat' dir='ltr'><strong>a</strong></span> 
     </span>
     <span class='ocr_line' id='line_1_26' title="bbox 146 2609 600 2676; baseline -0.002 -15"><span class='ocrx_word' id='word_1_216' title='bbox 146 2611 296 2674; x_wconf 79' lang='lat' dir='ltr'><strong>Vespasiano</strong></span> <span class='ocrx_word' id='word_1_217' title='bbox 306 2613 378 2676; x_wconf 73' lang='lat' dir='ltr'><strong>eopia</strong></span> <span class='ocrx_word' id='word_1_218' title='bbox 388 2615 509 2661; x_wconf 75' lang='lat' dir='ltr'><strong>adversere.</strong></span> <span class='ocrx_word' id='word_1_219' title='bbox 589 2609 600 2628; x_wconf 83' lang='lat'><em>⁰</em></span> 
     </span>
    </p>

    <p class='ocr_par' dir='ltr' id='par_1_8' title="bbox 175 2673 1262 2742">
     <span class='ocr_line' id='line_1_27' title="bbox 175 2673 1262 2742; baseline -0.001 -17"><span class='ocrx_word' id='word_1_220' title='bbox 175 2677 272 2727; x_wconf 75' lang='lat' dir='ltr'><strong>Munus</strong></span> <span class='ocrx_word' id='word_1_221' title='bbox 279 2677 429 2727; x_wconf 58' lang='lat' dir='ltr'><strong>inaurandi</strong></span> <span class='ocrx_word' id='word_1_222' title='bbox 436 2675 552 2742; x_wconf 73' lang='lat' dir='ltr'><strong>Capitolii</strong></span> <span class='ocrx_word' id='word_1_223' title='bbox 559 2677 590 2727; x_wconf 77' lang='lat' dir='ltr'><strong>L.</strong></span> <span class='ocrx_word' id='word_1_224' title='bbox 601 2676 709 2740; x_wconf 76' lang='lat' dir='ltr'><strong>Vestino,</strong></span> <span class='ocrx_word' id='word_1_225' title='bbox 720 2677 835 2741; x_wconf 80' lang='lat' dir='ltr'><strong>equestris</strong></span> <span class='ocrx_word' id='word_1_226' title='bbox 845 2674 1058 2740; x_wconf 60' lang='lat' dir='ltr'><strong>tociubutrituit,</strong></span> <span class='ocrx_word' id='word_1_227' title='bbox 1068 2676 1109 2725; x_wconf 87' lang='lat' dir='ltr'><strong>sed</strong></span> <span class='ocrx_word' id='word_1_228' title='bbox 1116 2673 1159 2740; x_wconf 92' lang='lat' dir='ltr'><strong>qui</strong></span> <span class='ocrx_word' id='word_1_229' title='bbox 1167 2674 1262 2738; x_wconf 78' lang='lat' dir='ltr'><strong>gratia,</strong></span> 
     </span>
    </p>
   </div>
   <div class='ocr_carea' id='block_1_8' title="bbox 179 2877 1364 2951">
    <p class='ocr_par' dir='ltr' id='par_1_9' title="bbox 179 2877 1364 2951">
     <span class='ocr_line' id='line_1_28' title="bbox 179 2877 1364 2951; baseline -0.001 -17"><span class='ocrx_word' id='word_1_230' title='bbox 179 2891 193 2934; x_wconf 89' lang='lat' dir='ltr'>l</span> <span class='ocrx_word' id='word_1_231' title='bbox 213 2885 259 2937; x_wconf 83' lang='lat' dir='ltr'><strong>Ita</strong></span> <span class='ocrx_word' id='word_1_232' title='bbox 270 2888 336 2936; x_wconf 72' lang='grc' dir='ltr'><strong>Μαι.</strong></span> <span class='ocrx_word' id='word_1_233' title='bbox 348 2887 416 2936; x_wconf 82' lang='lat' dir='ltr'><strong>Fior.</strong></span> <span class='ocrx_word' id='word_1_234' title='bbox 427 2889 494 2951; x_wconf 72' lang='lat' dir='ltr'><strong>Reg.</strong></span> <span class='ocrx_word' id='word_1_235' title='bbox 504 2885 585 2938; x_wconf 81' lang='lat' dir='ltr'><strong>corb.</strong></span> <span class='ocrx_word' id='word_1_236' title='bbox 596 2887 665 2936; x_wconf 87' lang='lat' dir='ltr'><strong>Bud.</strong></span> <span class='ocrx_word' id='word_1_237' title='bbox 676 2887 741 2951; x_wconf 75' lang='lat' dir='ltr'><strong>Agr.</strong></span> <span class='ocrx_word' id='word_1_238' title='bbox 752 2887 842 2938; x_wconf 82' lang='lat' dir='ltr'><strong>Gueif.</strong></span> <span class='ocrx_word' id='word_1_239' title='bbox 853 2887 934 2937; x_wconf 86' lang='lat' dir='ltr'><strong>editio</strong></span> <span class='ocrx_word' id='word_1_240' title='bbox 945 2886 1077 2950; x_wconf 83' lang='lat' dir='ltr'><strong>princeps,</strong></span> <span class='ocrx_word' id='word_1_241' title='bbox 1088 2891 1115 2935; x_wconf 89' lang='lat' dir='ltr'><strong>et</strong></span> <span class='ocrx_word' id='word_1_242' title='bbox 1127 2886 1262 2934; x_wconf 83' lang='lat' dir='ltr'><strong>Ernestns.</strong></span> <span class='ocrx_word' id='word_1_243' title='bbox 1361 2877 1364 2883; x_wconf 53' lang='lat'><strong>¹</strong></span> 
     </span>
    </p>
   </div>
   <div class='ocr_carea' id='block_1_9' title="bbox 143 2950 1264 3202">
    <p class='ocr_par' dir='ltr' id='par_1_10' title="bbox 143 2950 1264 3202">
     <span class='ocr_line' id='line_1_29' title="bbox 146 2950 1264 3016; baseline 0 -16"><span class='ocrx_word' id='word_1_244' title='bbox 146 2950 211 3000; x_wconf 72' lang='lat' dir='ltr'><strong>utre</strong></span> <span class='ocrx_word' id='word_1_245' title='bbox 224 2952 303 3002; x_wconf 76' lang='lat' dir='ltr'><strong>Heri.</strong></span> <span class='ocrx_word' id='word_1_246' title='bbox 321 2951 397 3001; x_wconf 89' lang='lat' dir='ltr'><strong>Bodt.</strong></span> <span class='ocrx_word' id='word_1_247' title='bbox 407 2951 464 3002; x_wconf 78' lang='lat' dir='ltr'><strong>tes.</strong></span> <span class='ocrx_word' id='word_1_248' title='bbox 478 2961 507 3002; x_wconf 87' lang='lat' dir='ltr'><strong>et</strong></span> <span class='ocrx_word' id='word_1_249' title='bbox 518 2954 690 3013; x_wconf 74' lang='lat' dir='ltr'><strong>Priscianus,</strong></span> <span class='ocrx_word' id='word_1_250' title='bbox 709 2953 735 3001; x_wconf 80' lang='lat' dir='ltr'><strong>si</strong></span> <span class='ocrx_word' id='word_1_251' title='bbox 753 2959 824 3016; x_wconf 76' lang='lat' dir='ltr'><strong>pater</strong></span> <span class='ocrx_word' id='word_1_252' title='bbox 831 2969 840 3010; x_wconf 92' lang='lat'><strong>,·</strong></span> <span class='ocrx_word' id='word_1_253' title='bbox 856 2953 932 3004; x_wconf 84' lang='lat' dir='ltr'><strong>etsie</strong></span> <span class='ocrx_word' id='word_1_254' title='bbox 944 2952 1061 3016; x_wconf 79' lang='lat' dir='ltr'><strong>Ryckirra</strong></span> <span class='ocrx_word' id='word_1_255' title='bbox 1072 2959 1101 3000; x_wconf 92' lang='lat' dir='ltr'><strong>et</strong></span> <span class='ocrx_word' id='word_1_256' title='bbox 1112 2951 1264 3002; x_wconf 80' lang='lat' dir='ltr'><strong>Gronov.—</strong></span> 
     </span>
     <span class='ocr_line' id='line_1_30' title="bbox 149 3013 1264 3081; baseline 0.001 -17"><span class='ocrx_word' id='word_1_257' title='bbox 149 3019 166 3064; x_wconf 78' lang='lat'><em>2</em></span> <span class='ocrx_word' id='word_1_258' title='bbox 180 3015 224 3065; x_wconf 88' lang='lat' dir='ltr'><strong>Sic</strong></span> <span class='ocrx_word' id='word_1_259' title='bbox 237 3017 307 3065; x_wconf 87' lang='lat' dir='ltr'><strong>bene</strong></span> <span class='ocrx_word' id='word_1_260' title='bbox 318 3016 370 3064; x_wconf 87' lang='lat' dir='ltr'><strong>Ms.</strong></span> <span class='ocrx_word' id='word_1_261' title='bbox 380 3017 446 3080; x_wconf 81' lang='lat' dir='ltr'><strong>Reg.</strong></span> <span class='ocrx_word' id='word_1_262' title='bbox 457 3017 537 3066; x_wconf 88' lang='lat' dir='ltr'><strong>editio</strong></span> <span class='ocrx_word' id='word_1_263' title='bbox 547 3017 669 3081; x_wconf 85' lang='lat' dir='ltr'><strong>princeps</strong></span> <span class='ocrx_word' id='word_1_264' title='bbox 680 3024 708 3065; x_wconf 88' lang='lat' dir='ltr'><strong>et</strong></span> <span class='ocrx_word' id='word_1_265' title='bbox 720 3017 890 3068; x_wconf 82' lang='lat' dir='ltr'><strong>recentiores.</strong></span> <span class='ocrx_word' id='word_1_266' title='bbox 916 3017 981 3066; x_wconf 81' lang='lat' dir='ltr'><strong>Mes.</strong></span> <span class='ocrx_word' id='word_1_267' title='bbox 995 3015 1070 3065; x_wconf 86' lang='lat' dir='ltr'><strong>Hari.</strong></span> <span class='ocrx_word' id='word_1_268' title='bbox 1085 3015 1160 3064; x_wconf 86' lang='lat' dir='ltr'><strong>Bodi.</strong></span> <span class='ocrx_word' id='word_1_269' title='bbox 1174 3013 1264 3065; x_wconf 84' lang='lat' dir='ltr'><strong>Gueif.</strong></span> 
     </span>
     <span class='ocr_line' id='line_1_31' title="bbox 143 3079 1264 3202; baseline 0 -73"><span class='ocrx_word' id='word_1_270' title='bbox 143 3081 361 3202; x_wconf 49' lang='lat' dir='ltr'><strong>momolenus,</strong></span> <span class='ocrx_word' id='word_1_271' title='bbox 370 3082 498 3131; x_wconf 78' lang='lat' dir='ltr'><strong>attolieret.</strong></span> <span class='ocrx_word' id='word_1_272' title='bbox 510 3082 563 3131; x_wconf 77' lang='lat' dir='ltr'><strong>Me.</strong></span> <span class='ocrx_word' id='word_1_273' title='bbox 574 3081 631 3132; x_wconf 82' lang='lat' dir='ltr'><strong>Jes.</strong></span> <span class='ocrx_word' id='word_1_274' title='bbox 643 3082 789 3131; x_wconf 77' lang='lat' dir='ltr'><strong>attollerent.</strong></span> <span class='ocrx_word' id='word_1_275' title='bbox 813 3082 929 3132; x_wconf 87' lang='lat' dir='ltr'><strong>Budens.</strong></span> <span class='ocrx_word' id='word_1_276' title='bbox 941 3083 1065 3141; x_wconf 66' lang='lat' dir='ltr'><strong>attritae,-</strong></span> <span class='ocrx_word' id='word_1_277' title='bbox 1083 3080 1129 3130; x_wconf 86' lang='lat' dir='ltr'><strong>sed</strong></span> <span class='ocrx_word' id='word_1_278' title='bbox 1140 3079 1176 3130; x_wconf 90' lang='lat' dir='ltr'><strong>ibi</strong></span> <span class='ocrx_word' id='word_1_279' title='bbox 1189 3079 1264 3130; x_wconf 88' lang='lat' dir='ltr'><strong>deest</strong></span> 
     </span>
    </p>
   </div>
   <div class='ocr_carea' id='block_1_10' title="bbox 183 3181 1266 3274">
    <p class='ocr_par' dir='ltr' id='par_1_11' title="bbox 183 3181 1266 3274">
     <span class='ocr_line' id='line_1_32' title="bbox 183 3181 1266 3274; baseline 0.003 -17"><span class='ocrx_word' id='word_1_280' title='bbox 183 3213 198 3257; x_wconf 89' lang='lat' dir='ltr'>l</span> <span class='ocrx_word' id='word_1_281' title='bbox 215 3181 271 3260; x_wconf 67' lang='lat' dir='ltr'><strong>bis.</strong></span> <span class='ocrx_word' id='word_1_282' title='bbox 283 3209 362 3260; x_wconf 80' lang='lat' dir='ltr'><strong>Cori).</strong></span> <span class='ocrx_word' id='word_1_283' title='bbox 373 3220 440 3259; x_wconf 81' lang='lat' dir='ltr'><strong>erra.</strong></span> <span class='ocrx_word' id='word_1_284' title='bbox 473 3209 551 3259; x_wconf 83' lang='lat' dir='ltr'><strong>Forte</strong></span> <span class='ocrx_word' id='word_1_285' title='bbox 571 3210 696 3274; x_wconf 87' lang='lat' dir='ltr'><strong>scriptum</strong></span> <span class='ocrx_word' id='word_1_286' title='bbox 714 3207 766 3260; x_wconf 81' lang='lat' dir='ltr'><strong>tuit</strong></span> <span class='ocrx_word' id='word_1_287' title='bbox 780 3209 852 3273; x_wconf 85' lang='lat' dir='ltr'><strong>olim,</strong></span> <span class='ocrx_word' id='word_1_288' title='bbox 868 3209 1119 3270; x_wconf 82' lang='lat' dir='ltr'><strong>cura....cuusertar.</strong></span> <span class='ocrx_word' id='word_1_289' title='bbox 1153 3209 1266 3261; x_wconf 88' lang='lat' dir='ltr'><strong>Brotier.</strong></span> 
     </span>
    </p>
   </div>
   <div class='ocr_carea' id='block_1_11' title="bbox 656 3341 767 3392">
    <p class='ocr_par' dir='ltr' id='par_1_12' title="bbox 656 3341 767 3392">
     <span class='ocr_line' id='line_1_33' title="bbox 656 3341 767 3392; baseline -0.009 0"><span class='ocrx_word' id='word_1_290' title='bbox 656 3341 767 3392; x_wconf 83' lang='lat' dir='ltr'>NOTAE</span> 
     </span>
    </p>
   </div>
   <div class='ocr_carea' id='block_1_12' title="bbox 155 3434 1271 4266">
    <p class='ocr_par' dir='ltr' id='par_1_13' title="bbox 155 3434 1270 3870">
     <span class='ocr_line' id='line_1_34' title="bbox 185 3434 1268 3503; baseline 0.002 -19"><span class='ocrx_word' id='word_1_291' title='bbox 185 3434 331 3498; x_wconf 57' lang='lat' dir='ltr'><strong>*tmen</strong></span> <span class='ocrx_word' id='word_1_292' title='bbox 347 3436 402 3485; x_wconf 90' lang='lat' dir='ltr'><strong>Per</strong></span> <span class='ocrx_word' id='word_1_293' title='bbox 411 3438 532 3487; x_wconf 67' lang='lat' dir='ltr'><strong>ambittas</strong></span> <span class='ocrx_word' id='word_1_294' title='bbox 542 3437 689 3503; x_wconf 78' lang='lat' dir='ltr'><strong>iuteiiiguu-</strong></span> <span class='ocrx_word' id='word_1_295' title='bbox 731 3435 870 3488; x_wconf 88' lang='lat' dir='ltr'><strong>Suetonius</strong></span> <span class='ocrx_word' id='word_1_296' title='bbox 890 3436 996 3487; x_wconf 83' lang='lat' dir='ltr'><strong>fortiter</strong></span> <span class='ocrx_word' id='word_1_297' title='bbox 1014 3436 1088 3499; x_wconf 87' lang='lat' dir='ltr'><strong>dicit,</strong></span> <span class='ocrx_word' id='word_1_298' title='bbox 1106 3451 1129 3484; x_wconf 92' lang='lat' dir='ltr'><strong>c.</strong></span> <span class='ocrx_word' id='word_1_299' title='bbox 1143 3439 1167 3484; x_wconf 82' lang='grc'><strong>8.</strong></span> <span class='ocrx_word' id='word_1_300' title='bbox 1184 3435 1268 3500; x_wconf 79' lang='lat' dir='ltr'><strong>‘lpse</strong></span> 
     </span>
     <span class='ocr_line' id='line_1_35' title="bbox 155 3511 1269 3579; baseline 0.002 -19"><span class='ocrx_word' id='word_1_301' title='bbox 155 3515 297 3575; x_wconf 71' lang='lat' dir='ltr'><strong>turonici,</strong></span> <span class='ocrx_word' id='word_1_302' title='bbox 315 3519 343 3562; x_wconf 89' lang='lat' dir='ltr'><strong>et</strong></span> <span class='ocrx_word' id='word_1_303' title='bbox 362 3515 420 3563; x_wconf 79' lang='lat' dir='ltr'><strong>rice</strong></span> <span class='ocrx_word' id='word_1_304' title='bbox 439 3529 522 3565; x_wconf 83' lang='lat' dir='ltr'><strong>versa.</strong></span> <span class='ocrx_word' id='word_1_305' title='bbox 555 3514 691 3579; x_wconf 76' lang='lat' dir='ltr'><strong>ltaquert</strong></span> <span class='ocrx_word' id='word_1_306' title='bbox 730 3513 923 3566; x_wconf 88' lang='lat' dir='ltr'><strong>restitutionem</strong></span> <span class='ocrx_word' id='word_1_307' title='bbox 934 3511 1058 3578; x_wconf 84' lang='lat' dir='ltr'><strong>Capitolii</strong></span> <span class='ocrx_word' id='word_1_308' title='bbox 1070 3527 1215 3576; x_wconf 77' lang='lat' dir='ltr'><strong>aggressus,</strong></span> <span class='ocrx_word' id='word_1_309' title='bbox 1228 3527 1269 3562; x_wconf 90' lang='lat' dir='ltr'><strong>ru·</strong></span> 
     </span>
     <span class='ocr_line' id='line_1_36' title="bbox 155 3589 1269 3656; baseline -0.001 -16"><span class='ocrx_word' id='word_1_310' title='bbox 155 3589 272 3653; x_wconf 61' lang='lat' dir='ltr'><strong>mmet,</strong></span> <span class='ocrx_word' id='word_1_311' title='bbox 290 3597 378 3655; x_wconf 82' lang='lat' dir='ltr'><strong>potest</strong></span> <span class='ocrx_word' id='word_1_312' title='bbox 394 3592 567 3656; x_wconf 75' lang='lat' dir='ltr'><strong>inteiligi,vei</strong></span> <span class='ocrx_word' id='word_1_313' title='bbox 584 3592 617 3641; x_wconf 88' lang='lat' dir='ltr'><strong>de</strong></span> <span class='ocrx_word' id='word_1_314' title='bbox 634 3593 692 3656; x_wconf 82' lang='lat' dir='ltr'><strong>ipsa</strong></span> <span class='ocrx_word' id='word_1_315' title='bbox 731 3592 837 3642; x_wconf 90' lang='lat' dir='ltr'><strong>deribus</strong></span> <span class='ocrx_word' id='word_1_316' title='bbox 864 3592 1007 3656; x_wconf 80' lang='lat' dir='ltr'><strong>purgandis</strong></span> <span class='ocrx_word' id='word_1_317' title='bbox 1034 3605 1123 3641; x_wconf 81' lang='lat' dir='ltr'><strong>manus</strong></span> <span class='ocrx_word' id='word_1_318' title='bbox 1153 3589 1269 3640; x_wconf 86' lang='lat' dir='ltr'><strong>admovit</strong></span> 
     </span>
     <span class='ocr_line' id='line_1_37' title="bbox 156 3663 1270 3733; baseline -0.001 -18"><span class='ocrx_word' id='word_1_319' title='bbox 156 3668 279 3728; x_wconf 83' lang='lat' dir='ltr'><strong>amictus,</strong></span> <span class='ocrx_word' id='word_1_320' title='bbox 288 3668 526 3732; x_wconf 76' lang='lat' dir='ltr'><strong>quoeirnminuitur3</strong></span> <span class='ocrx_word' id='word_1_321' title='bbox 544 3669 585 3717; x_wconf 87' lang='lat' dir='ltr'><strong>vei</strong></span> <span class='ocrx_word' id='word_1_322' title='bbox 594 3667 628 3717; x_wconf 87' lang='lat' dir='ltr'><strong>de</strong></span> <span class='ocrx_word' id='word_1_323' title='bbox 635 3669 692 3732; x_wconf 87' lang='lat' dir='ltr'><strong>ipso</strong></span> <span class='ocrx_word' id='word_1_324' title='bbox 731 3669 840 3733; x_wconf 85' lang='lat' dir='ltr'><strong>primus,</strong></span> <span class='ocrx_word' id='word_1_325' title='bbox 850 3683 883 3718; x_wconf 85' lang='lat' dir='ltr'><strong>ac</strong></span> <span class='ocrx_word' id='word_1_326' title='bbox 893 3683 939 3718; x_wconf 85' lang='lat' dir='ltr'><strong>suc</strong></span> <span class='ocrx_word' id='word_1_327' title='bbox 952 3669 1019 3718; x_wconf 87' lang='lat' dir='ltr'><strong>coito</strong></span> <span class='ocrx_word' id='word_1_328' title='bbox 1029 3667 1146 3733; x_wconf 75' lang='lat' dir='ltr'><strong>quedem</strong></span> <span class='ocrx_word' id='word_1_329' title='bbox 1159 3663 1270 3715; x_wconf 73' lang='lat' dir='ltr'><strong>exiuttt’</strong></span> 
     </span>
     <span class='ocr_line' id='line_1_38' title="bbox 156 3741 1268 3809; baseline 0.002 -22"><span class='ocrx_word' id='word_1_330' title='bbox 156 3755 263 3791; x_wconf 74' lang='lat' dir='ltr'><strong>ricimero</strong></span> <span class='ocrx_word' id='word_1_331' title='bbox 284 3745 436 3802; x_wconf 82' lang='lat' dir='ltr'><strong>amicorum,</strong></span> <span class='ocrx_word' id='word_1_332' title='bbox 453 3745 498 3809; x_wconf 88' lang='lat' dir='ltr'><strong>qui</strong></span> <span class='ocrx_word' id='word_1_333' title='bbox 518 3759 567 3808; x_wconf 90' lang='lat' dir='ltr'><strong>pro</strong></span> <span class='ocrx_word' id='word_1_334' title='bbox 586 3744 692 3795; x_wconf 83' lang='lat' dir='ltr'><strong>fortuna</strong></span> <span class='ocrx_word' id='word_1_335' title='bbox 732 3745 821 3794; x_wconf 85' lang='lat' dir='ltr'><strong>Simile</strong></span> <span class='ocrx_word' id='word_1_336' title='bbox 833 3752 862 3794; x_wconf 88' lang='lat' dir='ltr'><strong>et</strong></span> <span class='ocrx_word' id='word_1_337' title='bbox 873 3745 898 3794; x_wconf 88' lang='lat' dir='ltr'><strong>iu</strong></span> <span class='ocrx_word' id='word_1_338' title='bbox 917 3744 1010 3794; x_wconf 79' lang='lat' dir='ltr'><strong>Dionis</strong></span> <span class='ocrx_word' id='word_1_339' title='bbox 1021 3741 1175 3806; x_wconf 89' lang='lat' dir='ltr'><strong>compendio</strong></span> <span class='ocrx_word' id='word_1_340' title='bbox 1187 3743 1268 3804; x_wconf 82' lang='lat' dir='ltr'><strong>teges.</strong></span> 
     </span>
     <span class='ocr_line' id='line_1_39' title="bbox 157 3817 1269 3870; baseline -0.002 -4"><span class='ocrx_word' id='word_1_341' title='bbox 157 3819 251 3866; x_wconf 84' lang='lat' dir='ltr'><strong>erescit</strong></span> <span class='ocrx_word' id='word_1_342' title='bbox 261 3825 306 3868; x_wconf 85' lang='lat' dir='ltr'><strong>aut</strong></span> <span class='ocrx_word' id='word_1_343' title='bbox 317 3817 456 3869; x_wconf 79' lang='lat' dir='ltr'><strong>decrescis</strong></span> <span class='ocrx_word' id='word_1_344' title='bbox 767 3819 804 3870; x_wconf 80' lang='lat' dir='ltr'><strong>At</strong></span> <span class='ocrx_word' id='word_1_345' title='bbox 818 3821 904 3870; x_wconf 80' lang='lat' dir='ltr'><strong>Taciti</strong></span> <span class='ocrx_word' id='word_1_346' title='bbox 918 3819 999 3870; x_wconf 78' lang='lat' dir='ltr'><strong>verba</strong></span> <span class='ocrx_word' id='word_1_347' title='bbox 1016 3828 1043 3867; x_wconf 89' lang='lat' dir='ltr'><strong>et</strong></span> <span class='ocrx_word' id='word_1_348' title='bbox 1060 3819 1173 3866; x_wconf 74' lang='lat' dir='ltr'><strong>narreris</strong></span> <span class='ocrx_word' id='word_1_349' title='bbox 1193 3817 1269 3865; x_wconf 86' lang='lat' dir='ltr'><strong>riior·</strong></span> 
     </span>
    </p>

    <p class='ocr_par' dir='ltr' id='par_1_14' title="bbox 158 3891 1270 4040">
     <span class='ocr_line' id='line_1_40' title="bbox 190 3891 1270 3960; baseline -0.001 -17"><span class='ocrx_word' id='word_1_350' title='bbox 190 3897 199 3927; x_wconf 76' lang='lat'>⁸</span> <span class='ocrx_word' id='word_1_351' title='bbox 211 3893 358 3959; x_wconf 63' lang='lat' dir='ltr'><strong>timescat]</strong></span> <span class='ocrx_word' id='word_1_352' title='bbox 374 3896 406 3944; x_wconf 93' lang='lat' dir='ltr'><strong>Id</strong></span> <span class='ocrx_word' id='word_1_353' title='bbox 419 3902 469 3955; x_wconf 87' lang='lat' dir='ltr'><strong>est,</strong></span> <span class='ocrx_word' id='word_1_354' title='bbox 481 3897 654 3960; x_wconf 86' lang='lat' dir='ltr'><strong>transmutari,</strong></span> <span class='ocrx_word' id='word_1_355' title='bbox 666 3904 694 3948; x_wconf 88' lang='lat' dir='ltr'><strong>et</strong></span> <span class='ocrx_word' id='word_1_356' title='bbox 733 3913 788 3950; x_wconf 88' lang='lat' dir='ltr'><strong>sum</strong></span> <span class='ocrx_word' id='word_1_357' title='bbox 801 3907 874 3960; x_wconf 88' lang='lat' dir='ltr'><strong>eunt,</strong></span> <span class='ocrx_word' id='word_1_358' title='bbox 894 3905 922 3948; x_wconf 92' lang='lat' dir='ltr'><strong>et</strong></span> <span class='ocrx_word' id='word_1_359' title='bbox 931 3897 1016 3946; x_wconf 87' lang='lat' dir='ltr'><strong>omnia</strong></span> <span class='ocrx_word' id='word_1_360' title='bbox 1027 3902 1085 3944; x_wconf 82' lang='lat' dir='ltr'><strong>acts</strong></span> <span class='ocrx_word' id='word_1_361' title='bbox 1097 3899 1157 3942; x_wconf 86' lang='lat' dir='ltr'><strong>aunt</strong></span> <span class='ocrx_word' id='word_1_362' title='bbox 1169 3891 1270 3942; x_wconf 78' lang='lat' dir='ltr'><strong>otver-</strong></span> 
     </span>
     <span class='ocr_line' id='line_1_41' title="bbox 158 3970 1270 4040; baseline -0.002 -21"><span class='ocrx_word' id='word_1_363' title='bbox 158 3971 270 4020; x_wconf 64' lang='lat' dir='ltr'><strong>naurire</strong></span> <span class='ocrx_word' id='word_1_364' title='bbox 279 3985 324 4020; x_wconf 83' lang='lat' dir='ltr'><strong>seu</strong></span> <span class='ocrx_word' id='word_1_365' title='bbox 335 3971 407 4020; x_wconf 90' lang='lat' dir='ltr'><strong>abire</strong></span> <span class='ocrx_word' id='word_1_366' title='bbox 418 3987 477 4022; x_wconf 88' lang='lat' dir='ltr'><strong>curn</strong></span> <span class='ocrx_word' id='word_1_367' title='bbox 486 3973 544 4036; x_wconf 87' lang='lat' dir='ltr'><strong>ipss</strong></span> <span class='ocrx_word' id='word_1_368' title='bbox 553 3973 667 4023; x_wconf 83' lang='lat' dir='ltr'><strong>fortuna.</strong></span> <span class='ocrx_word' id='word_1_369' title='bbox 735 3976 841 4040; x_wconf 83' lang='lat' dir='ltr'><strong>pasiano</strong></span> <span class='ocrx_word' id='word_1_370' title='bbox 861 3975 977 4024; x_wconf 83' lang='lat' dir='ltr'><strong>absente.</strong></span> <span class='ocrx_word' id='word_1_371' title='bbox 1018 3970 1125 4020; x_wconf 78' lang='lat' dir='ltr'><strong>Nomai</strong></span> <span class='ocrx_word' id='word_1_372' title='bbox 1145 3983 1270 4034; x_wconf 72' lang='lat' dir='ltr'><strong>presens,</strong></span> 
     </span>
    </p>

    <p class='ocr_par' dir='ltr' id='par_1_15' title="bbox 160 4046 1271 4266">
     <span class='ocr_line' id='line_1_42' title="bbox 192 4046 1271 4112; baseline 0 -16"><span class='ocrx_word' id='word_1_373' title='bbox 192 4053 204 4080; x_wconf 79' lang='lat'><strong>¹</strong></span> <span class='ocrx_word' id='word_1_374' title='bbox 231 4048 322 4096; x_wconf 79' lang='lat' dir='ltr'><strong>Cursus</strong></span> <span class='ocrx_word' id='word_1_375' title='bbox 337 4047 477 4097; x_wconf 76' lang='lat' dir='ltr'><strong>restituendi</strong></span> <span class='ocrx_word' id='word_1_376' title='bbox 492 4049 610 4112; x_wconf 78' lang='lat' dir='ltr'><strong>capttetr&#39;r&#39;]</strong></span> <span class='ocrx_word' id='word_1_377' title='bbox 627 4050 694 4098; x_wconf 81' lang='lat' dir='ltr'><strong>Con·</strong></span> <span class='ocrx_word' id='word_1_378' title='bbox 734 4051 818 4101; x_wconf 84' lang='lat' dir='ltr'><strong>curin</strong></span> <span class='ocrx_word' id='word_1_379' title='bbox 831 4052 907 4100; x_wconf 80' lang='lat' dir='ltr'><strong>alium</strong></span> <span class='ocrx_word' id='word_1_380' title='bbox 927 4046 1069 4098; x_wconf 81' lang='lat' dir='ltr'><strong>transfert?</strong></span> <span class='ocrx_word' id='word_1_381' title='bbox 1095 4061 1142 4096; x_wconf 91' lang='lat' dir='ltr'><strong>cur</strong></span> <span class='ocrx_word' id='word_1_382' title='bbox 1157 4057 1206 4096; x_wconf 87' lang='lat' dir='ltr'><strong>nec</strong></span> <span class='ocrx_word' id='word_1_383' title='bbox 1226 4061 1271 4096; x_wconf 90' lang='lat' dir='ltr'><strong>uo·</strong></span> 
     </span>
     <span class='ocr_line' id='line_1_43' title="bbox 160 4119 1254 4192; baseline 0.005 -23"><span class='ocrx_word' id='word_1_384' title='bbox 160 4119 211 4171; x_wconf 81' lang='lat' dir='ltr'><strong>tert</strong></span> <span class='ocrx_word' id='word_1_385' title='bbox 222 4123 248 4172; x_wconf 91' lang='lat' dir='ltr'><strong>in</strong></span> <span class='ocrx_word' id='word_1_386' title='bbox 257 4123 329 4172; x_wconf 87' lang='lat' dir='ltr'><strong>iiiam</strong></span> <span class='ocrx_word' id='word_1_387' title='bbox 341 4124 399 4188; x_wconf 84' lang='lat' dir='ltr'><strong>jam</strong></span> <span class='ocrx_word' id='word_1_388' title='bbox 411 4124 518 4191; x_wconf 85' lang='lat' dir='ltr'><strong>dictum.</strong></span> <span class='ocrx_word' id='word_1_389' title='bbox 551 4125 603 4174; x_wconf 84' lang='lat' dir='ltr'><strong>Sed</strong></span> <span class='ocrx_word' id='word_1_390' title='bbox 619 4123 695 4176; x_wconf 75' lang='lat' dir='ltr'><strong>affuit</strong></span> <span class='ocrx_word' id='word_1_391' title='bbox 733 4125 979 4192; x_wconf 83' lang='lat' dir='ltr'><strong>minaturquidemi</strong></span> <span class='ocrx_word' id='word_1_392' title='bbox 1252 4137 1254 4142; x_wconf 88' lang='lat'>·</span> 
     </span>
     <span class='ocr_line' id='line_1_44' title="bbox 160 4197 1271 4266; baseline 0.002 -20"><span class='ocrx_word' id='word_1_393' title='bbox 160 4197 694 4265; x_wconf 75' lang='lat' dir='ltr'><strong>igiturvespesisuus,snabtuitiAtiuisse</strong></span> <span class='ocrx_word' id='word_1_394' title='bbox 768 4204 822 4254; x_wconf 84' lang='lat' dir='ltr'><strong>Cur</strong></span> <span class='ocrx_word' id='word_1_395' title='bbox 833 4210 923 4254; x_wconf 82' lang='lat' dir='ltr'><strong>cetera</strong></span> <span class='ocrx_word' id='word_1_396' title='bbox 939 4197 1104 4266; x_wconf 54' lang='lat' dir='ltr'><strong>omnisque</strong></span> <span class='ocrx_word' id='word_1_397' title='bbox 1125 4204 1271 4263; x_wconf 82' lang='lat' dir='ltr'><strong>temporum</strong></span> 
     </span>
    </p>
   </div>
   <div class='ocr_carea' id='block_1_13' title="bbox 0 0 1493 4742">
    <p class='ocr_par' dir='ltr' id='par_1_16' title="bbox 0 0 1493 4742">
     <span class='ocr_line' id='line_1_45' title="bbox 0 0 1493 4742; baseline 0 0"><span class='ocrx_word' id='word_1_398' title='bbox 0 0 1493 4742; x_wconf 95' lang='lat' dir='ltr'><strong> </strong></span> 
     </span>
    </p>
   </div>
  </div>
 </body>
</html>
