2925 4742
225 303 317 374 2784
586 321 619 372 o.
643 320 826 372 ooaueuu
849 322 978 374 sacrm
1176 329 1226 397 [a
1235 329 1349 384 ussa.

227 467 316 534 mino
332 465 434 533 ciens.
481 463 567 530 Mox
582 485 762 531 conversus
785 467 830 532 ad
844 467 1017 550 signam
1028 465 1194 532 bellorum
1217 468 1342 549 Deos:

227 569 395 634 ‘hostium
422 566 548 650 potius·
572 569 778 632 exercitibus
799 569 892 632 illum
914 569 1072 646 furorem,
1094 570 1188 634 illem
1210 571 1342 636 discor-

227 669 318 736 dium
339 667 566 752 injicerent,’¹¹
583 670 713 734 orabat:
737 669 845 734 donec
858 671 1054 736 fatisceret¹²
1068 670 1202 749 seditio,
1216 678 1262 750 et,
1274 689 1342 736 ex-

227 774 333 834 tremo
363 769 435 851 jem
464 768 531 846 die,
569 787 633 832 sua
661 771 802 853 quisque
829 773 864 835 iu
891 773 1041 836 tentorie⁸
1077 772 1338 837 diieberenturlt

228 869 405 934 Profectus
426 868 541 932 eadem
564 875 661 934 nocte
682 869 892 950 Flauianus:²
914 873 1024 938 obviis
1037 872 1242 956 Vespasiani
1262 872 1339 938 iite-

227 971 286 1048 ris,
302 971 485 1035 discrimini
501 977 653 1036 exemtus
668 976 730 1036 ost.

227 1149 389 1211 adserendum
400 1151 517 1202 minse
525 1151 664 1202 „mintius
674 1153 823 1215 compellens.
845 1152 911 1202 Deis
920 1168 970 1202 scae
980 1158 1073 1202 eertesu
1082 1153 1114 1202 ed
1124 1153 1222 1216 equilus,
1230 1158 1254 1203 et
1263 1154 1339 1216 lecis-

226 1215 361 1277 mnae,
370 1217 513 1272 mseerclut,
532 1216 619 1279 potius
628 1216 739 1265 hostium
752 1217 922 1266 castrisiliem
930 1217 1038 1279 rabiem,
1050 1217 1171 1280 illamque
1180 1217 1338 1268 seditionem

226 1279 412 1329 immitterent:
430 1282 501 1328 denec
511 1285 638 1330 smescml
647 1281 814 1343 masolio,
823 1286 848 1330 et
863 1283 995 1331 declinante
1014 1282 1040 1329 ie
1050 1295 1170 1346 oespnuse
1187 1283 1235 1343 die,
1249 1296 1293 1329 ssa
1308 1281 1339 1330 is

227 1343 378 1392 melmin
387 1344 483 1420 quisque
493 1343 650 1392 derewent.
685 1345 820 1404 Digressus
829 1347 909 1394 eadere
919 1350 986 1394 noete
1006 1345 1144 1404 mss,
1160 1345 1340 1395 sumentibus

232 1405 370 1472 Vespasiani
381 1408 481 1472 suntid,
489 1408 595 1472 periculo
605 1411 700 1472 ereptus
710 1413 753 1457 est.

691 1531 870 1552 nonnum

227 1633 257 1679 ll
275 1627 329 1678 lis.
347 1629 426 1680 corb.
443 1630 640 1680 mitterent—lt
657 1628 699 1678 Sic
719 1629 786 1678 bene
801 1630 853 1680 Me.
872 1629 951 1679 corb.
968 1635 997 1679 et
1016 1629 1146 1679 editiones
1165 1629 1335 1680 recentiores.

226 1693 291 1742 dise.
304 1693 378 1742 Harl.
396 1693 472 1743 Bodl.
488 1693 545 1745 les.
565 1700 592 1742 et
609 1693 779 1754 Puteolanos,
791 1693 916 1752 sudsere.
949 1693 1077 1756 Corrupto
1099 1693 1179 1742 editio
1198 1693 1338 1768 princeps,

225 1755 370 1815 disfacere.
387 1758 565 1808 Breuem—lt
583 1757 627 1806 ita
644 1755 710 1805 bene
730 1757 955 1819 Mss.i²lor.1teg.
973 1757 1051 1806 corb.
1068 1757 1149 1806 editio
1166 1771 1289 1822 princeps
1304 1765 1335 1808 et

226 1820 396 1872 recentiores.
430 1821 495 1872 Mes.
507 1821 581 1871 lieri.
592 1819 733 1872 nouiter.
745 1827 773 1870 et
783 1821 952 1884 Puteolanus,
963 1821 1116 1870 damnetur.
1133 1819 1217 1870 Idem.

724 1977 830 2028 NOTAE

257 2091 419 2140 *Cenem
436 2091 467 2140 ad
488 2088 570 2153 sigua]
603 2089 635 2140 Id
656 2095 707 2154 est,
727 2092 759 2140 ad
799 2098 918 2156 tempere
936 2091 1031 2142 sensim
1051 2095 1204 2141 vanesceret
1223 2089 1335 2152 seditior

222 2166 302 2229 dgna,
320 2181 378 2231 quse
399 2167 473 2217 Rom.
492 2166 626 2229 militibus,
642 2169 759 2216 Deorum
798 2182 850 2217 uox
870 2169 1014 2230 adueniret,
1035 2167 1196 2230 ductusque
1217 2166 1335 2230 epatium

224 2245 316 2294 instar.
333 2243 409 2293 duell.
798 2243 924 2292 Flaviano
935 2241 1076 2306 effugiendi
1093 2241 1128 2291 ad
1137 2243 1334 2306 Vespasienuus.

257 2317 532 2382 resumentibus]
566 2317 705 2382 Precipue
720 2318 759 2367 in·
830 2319 874 2368 Sic
884 2333 953 2383 sepe
963 2320 1090 2368 incenato
1102 2318 1208 2381 Petrei,
1218 2319 1262 2383 qui
1273 2318 1334 2368 loco

224 2394 321 2457 telligit
331 2392 450 2459 Aquites,
467 2407 526 2457 quse
541 2393 701 2442 amansium
711 2393 759 2442 rni-
799 2395 934 2444 sententie
960 2396 1006 2458 jus
1034 2393 1168 2444 habebent
1194 2393 1333 2457 promendi

224 2469 299 2518 litum
318 2468 440 2518 Numina.
481 2468 565 2518 Erant
585 2475 616 2518 et
632 2467 757 2532 imagines
799 2467 1334 2533 quicquidesseeltep.censereet,>etiam

225 2545 371 2610 principum
393 2552 618 2607 consecratorum
643 2545 691 2594 sed
712 2545 758 2609 qul
798 2542 820 2593 si
830 2543 941 2592 alienum
952 2551 1021 2594 esset
1032 2559 1047 2593 a
1058 2557 1087 2592 re
1106 2543 1250 2606 proposita,
1265 2541 1336 2591 deti·

224 2621 313 2687 potius
325 2621 394 2683 Diei,
405 2635 483 2687 quarn
493 2621 539 2671 Dii
549 2621 757 2686 appellarentur.
796 2633 877 2668 nuere
896 2627 1023 2682 senatum,
1040 2625 1070 2668 et
1089 2618 1115 2666 iu
1138 2617 1207 2666 aliud
1226 2623 1333 2680 tempus

256 2695 339 2745 Erant
356 2695 425 2746 forte
442 2703 471 2746 et
489 2696 514 2745 in
534 2695 669 2760 principiis
686 2709 757 2759 quie·
796 2701 971 2758 opportunum
979 2709 1021 2744 res
1029 2693 1332 2757 perieuloaaadistulere.

224 2768 284 2819 dem
305 2771 428 2834 imagines
450 2771 577 2832 Deorum,
599 2777 630 2820 ut
652 2771 757 2832 Mutis,
795 2771 832 2820 Et
847 2785 919 2834 sepe
933 2770 960 2818 id
980 2784 1033 2820 nou
1043 2769 1099 2818 sine
1110 2768 1208 2818 bonore
1218 2768 1333 2818 Petrum

223 2845 338 2910 Romuli,
354 2850 403 2898 esc.
434 2847 487 2898 Sed
507 2846 640 2912 precipue
656 2847 699 2896 hic
716 2861 757 2895 re·
786 2851 824 2895 -et
834 2848 919 2895 salute
930 2845 1042 2909 Reipub.

222 2921 300 2985 spicit
311 2921 344 2970 ad
359 2921 469 2986 equites,
488 2921 591 2984 aliaque
602 2921 673 2982 sigeo
689 2921 757 2969 mili·
827 2920 928 2970 deditio
939 2927 1026 2970 temen
1041 2920 1086 2970 illa
1102 2920 1233 2969 inruerat
1244 2917 1333 2969 Flavi·

223 2997 299 3068 teris,
314 2996 407 3061 quibus
427 2996 615 3046 circumdatum
633 3001 691 3044 eret
710 2995 757 3044 tri·
794 3009 871 3044 mum
881 3009 940 3045 sere
948 2995 1010 3054 diei,
1018 3003 1048 3046 et
1057 3010 1117 3046 cum
1127 2994 1334 3058 legioneelelers

222 3071 302 3123 bunsl
317 3073 408 3136 iegati,
419 3071 481 3120 dum
500 3069 610 3120 militem
629 3083 677 3134 pro
695 3084 756 3120 con·
794 3070 977 3134 depeeeseesoe
988 3077 1072 3120 erant.

221 3145 296 3197 olene
308 3148 496 3212 alloqueretur.
827 3152 840 3178 ¹
856 3144 983 3219 Profectus
1000 3147 1082 3194 mesa
1099 3147 1168 3193 secte
1187 3143 1334 3208 dininas]

255 3221 366 3286 Plinius,
377 3224 479 3286 pileraes
488 3222 574 3272 tessere
583 3221 756 3272 numum
795 3221 867 3269 Bene
878 3220 996 3280 liaberet,
1007 3221 1029 3268 si
1045 3219 1153 3268 'i'eeltue
1168 3219 1244 3268 nobis
1254 3220 1333 3269 satis-

222 3297 336 3347 tribunal
346 3297 422 3360 dicit,
433 3298 493 3364 qnia
503 3295 559 3347 scii.
570 3297 629 3360 pilis
645 3309 690 3346 seu
701 3297 754 3360 epi·
794 3293 912 3356 lecisset,
932 3294 1044 3343 rectem
1064 3293 1200 3342 literarum
1220 3293 1331 3343 isurun
1382 3347 1390 3354 ,

220 3373 288 3422 culis
299 3373 372 3436 signa
381 3373 494 3435 inserta3
511 3379 540 3423 et
552 3370 677 3438 primipiii
693 3385 755 3422 cen·
796 3374 958 3433 argumento,
968 3383 1027 3432 quie
1038 3367 1104 3416 adeo
1117 3381 1152 3416 ex
1164 3367 1273 3430 inopino
1282 3367 1332 3418 oli·

222 3450 291 3500 turio
303 3450 412 3514 regebat
423 3451 542 3515 aquilem.
795 3443 1169 3505 reuerenteslstexseoelsiee.
1381 3446 1384 3451 “

254 3525 395 3575 'Hoslireu
407 3523 499 3590 ptius]
516 3524 754 3588 Virg.0eorg.rrr.
825 3521 956 3583 Tanquam
980 3518 1153 3581 Vespasianus
1174 3517 1201 3565 in
1224 3515 1334 3580 luders,

219 3599 401 3651 ‘illimeIiora
420 3601 478 3666 piis,
492 3613 658 3664 erroremque
674 3600 755 3650 hosti·
794 3595 896 3645 duobus
919 3595 1053 3644 mensibus
1074 3601 1137 3643 ante
1156 3593 1333 3658 previdlsaet,

220 3676 432 3740 busilium,'lro.
795 3671 904 3722 amicum
917 3685 989 3720 suum
998 3669 1333 3734 Flariennmforesuspec·

254 3751 263 3787 ⁸
283 3751 399 3801 lintrem
417 3751 473 3812 ,iem
493 3749 593 3810 dieuco
613 3750 708 3813 quisque
728 3751 756 3800 is
797 3754 853 3796 tum
860 3747 994 3809 militibus,
1002 3753 1031 3796 et
1039 3745 1146 3794 melech
1156 3745 1188 3794 iis
1197 3744 1333 3809 accipien-

220 3827 337 3890 imerii]
357 3827 468 3892 Hocque
479 3825 547 3874 inter
558 3831 629 3874 artes
640 3825 755 3874 caliidis-
794 3821 855 3870 dom
865 3821 987 3881 vernon
997 3820 1108 3885 ideoque
1117 3823 1183 3869 neec
1192 3823 1335 3872 enatasset

219 3905 277 3956 siml
288 3919 319 3954 sc
331 3902 507 3954 fecundissimi
517 3901 635 3962 hominis,
651 3906 681 3949 ut
691 3901 754 3950 elio·
793 3898 932 3961 epistolam
944 3898 969 3946 iu
981 3898 1062 3960 ipsius
1075 3897 1195 3960 gratiam.

220 3981 325 4032 utone
337 3993 382 4028 eeu
395 3977 519 4028 concione
530 3975 631 4039 prolixe
650 3975 694 4024 din
713 3989 754 4025 re·
825 3973 878 4023 ded
889 3974 934 4023 nbi
944 3975 971 4023 iu
982 3974 1038 4022 illes
1047 3974 1137 4023 literas
1148 3979 1202 4021 tam
1212 3967 1330 4020 feliciter

221 4057 320 4106 tineret
331 4055 445 4118 vulgum,
455 4052 539 4102 donec
549 4052 670 4101 meliores
688 4063 755 4115 pere-
793 4048 926 4113 inciderit,
936 4056 981 4099 eut
991 4049 1094 4111 adsere,
1105 4059 1156 4112 qno
1167 4047 1226 4110 ipse
1234 4043 1328 4098 tende·

220 4130 361 4198 pollerent,
379 4131 563 4198 placarentque
578 4126 709 4194 turbidum
725 4132 755 4180 et
793 4125 954 4192 menueire
964 4123 1213 4176 nesroleitauetor.
