2925 4742
167 323 303 391 sesa]
495 297 762 372 ursuonrsnurr
788 321 863 374 urs.
887 323 944 373 ιιι.
1190 311 1297 396 Μι-

169 465 324 530 omnibus
336 463 556 548 numioipiisl
578 463 700 530 recoli'
717 463 822 548 jussit
835 463 1019 536 Anwnius:
1041 470 1198 536 decorum
1211 489 1275 554 pro

168 585 275 631 musa
288 573 395 646 rotun,
414 567 445 630 si
458 567 626 650 placere⁵¹
645 565 768 632 Galbae
784 566 997 652 Principatus
1011 576 1044 636 et
1062 577 1175 656 partes
1189 573 1277 638 revi-

166 665 313 732 ιιειιιιιι6
328 669 547 732 crederentur.

206 767 242 834 R
268 768 461 848 Quaesitum
476 769 563 848 inde,
586 773 685 853 ‘qute
708 769 806 834 sedes
829 771 919 837 bello
941 773 1135 856 legereturt’
1178 774 1276 840 ‘Vc-

164 879 262 935 roun⁸
289 872 409 956 potior'
432 873 518 949 uso,
542 873 761 956 ‘petentibus
780 873 905 939 circum
918 877 1048 959 campis
1062 877 1107 940 ad
1126 895 1274 960 pugnum

165 971 377 1056 equestrem,'
408 993 476 1057 qua
500 973 766 1057 praevalebant?
795 975 906 1054 simul,
939 979 1129 1043 ‘colonium
1162 979 1274 1061 copiis

163 1145 277 1208 pesnas
292 1147 442 1212 uictimam,
456 1163 480 1198 st
473 1149 586 1212 placere
605 1149 715 1199 Goltoe'
704 1150 840 1214 emperiam,
858 1155 884 1200 ιι
897 1155 981 1214 partes
995 1150 1053 1214 ejus
1066 1165 1191 1214 ιιιιιιςιιι
1203 1152 1274 1213 psis-

197 1273 287 1323 Postea
298 1277 453 1324 mitorum
455 1289 532 1340 ‚quae
544 1290 591 1326 arx
601 1276 662 1326 belli
675 1279 868 1327 assumeretur?
899 1278 1004 1328 Verona
1013 1278 1094 1340 magis
1104 1277 1204 1340 placuit,
1219 1277 1275 1326 lata

163 1343 194 1387 et
209 1347 304 1402 aperta
312 1339 409 1388 ebenus
430 1340 537 1405 planitie
550 1340 582 1390 ed
603 1341 787 1406 explicandum
798 1347 920 1407 equestre
932 1349 1075 1407 certamen,
1092 1357 1137 1406 pus
1150 1342 1274 1406 praepstle·

632 1465 813 1488 nonnemo

160 1554 295 1618 gton'oequs
309 1554 828 1616 nrj.-sSiebeneMssulor.uae1t.
848 1559 925 1610 Harl.
941 1559 1018 1610 nour.
1037 1559 1095 1611 les.
1114 1557 1273 1608 Picbcnaet

162 1621 336 1668 recentiores.
369 1619 400 1668 ln
413 1621 464 1668 bls.
486 1621 562 1670 Corb.
580 1630 608 1670 et
625 1622 784 1672 editionibus
794 1624 936 1686 veterrbus
952 1624 974 1673 si
992 1625 1103 1687 placeret.
1136 1621 1273 1673 Tentabst

162 1682 297 1748 Muretus,
311 1682 358 1733 sibi
366 1684 477 1748 placeret.
480 1689 528 1734 —b'
544 1685 609 1736 Mss.
619 1687 675 1737 les.
689 1693 717 1737 et
728 1687 839 1738 Goelf.
836 1687 984 1737 ιιυίιιιιιιι.

659 1830 770 1882 NOTAE

160 1937 384 2014 busimuletiam
399 1945 481 2005 pordes
496 1942 695 1994 emirearerscre-
735 1960 801 1996 uus·
817 1945 845 1995 Si
862 1945 953 2010 populi
971 1951 1160 2009 presumerent
1176 1943 1269 1995 Gslbrs

159 2014 282 2065 demae.
735 2021 911 2086 principatum
947 2022 1108 2084 Vespasiano
1150 2019 1268 2083 placere.

194 2087 293 2140 Fuerat
308 2091 444 2140 restitutus
463 2089 592 2144 Antonius
609 2093 694 2143 ordini
735 2099 815 2148 Forte
829 2111 923 2153 ,seusus
940 2101 997 2146 est:
1014 2095 1043 2144 Si
1053 2094 1183 2144 Flavianis
1196 2099 1269 2144 cete·

160 2163 291 2216 etdecnri
307 2167 511 2232 aGalbraetab
527 2170 617 2220 eodem
629 2185 694 2233 prae·
733 2173 823 2236 risque
832 2169 983 2220 mortalibus
992 2170 1097 2232 placent
1107 2167 1268 2232 Galbcprt's·
1373 2213 1378 2223 .

160 2243 262 2306 positus
269 2244 388 2308 septime
397 2245 501 2308 legioni,
507 2261 565 2311 quse
575 2247 694 2298 Galbiana
732 2249 833 2311 cipasus,
849 2247 893 2312 qui
906 2245 1000 2309 alioqui
1014 2244 1095 2294 bouus
1106 2249 1133 2293 et
1143 2241 1268 2294 innocens

159 2316 314 2368 dicebatur:
332 2319 421 2383 sicque
432 2326 460 2370 et
479 2321 581 2384 privata
591 2327 618 2371 et
631 2321 694 2385 pub·
733 2322 890 2386 Imperator,
907 2322 969 2372 etsi
983 2321 1124 2370 recirmere
1137 2325 1220 2383 partes
1236 2319 1269 2368 11·

158 2391 214 2442 lies
223 2394 551 2457 caussiuductnsvidetor,
562 2403 592 2445 ut
601 2396 692 2447 Galba
733 2398 783 2446 lius
794 2398 974 2459 crederentur,
985 2402 1078 2460 utpote
1086 2395 1211 2444 adversus
1222 2393 1269 2444 Vi-

159 2467 243 2518 decus
258 2471 419 2520 restitueret.
452 2472 511 2520 Tali
529 2471 623 2523 decore
639 2475 694 2538 dig·
735 2474 844 2537 tellium,
869 2474 914 2539 qui
934 2473 1073 2523 rebellaret
1090 2472 1117 2521 in
1145 2471 1267 2535 Galbam,

158 2544 280 2595 nissimna
292 2545 388 2596 vindex
403 2546 448 2596 ille
464 2548 565 2609 imperii
575 2555 602 2597 et
614 2563 695 2599 asser-
734 2551 812 2614 longo
822 2552 903 2614 peJ‘or,
916 2563 967 2598 uec
977 2549 1077 2598 saevitia
1085 2549 1193 2597 minore.

159 2627 205 2670 tur
220 2623 323 2684 generis
341 2623 444 2672 humani
464 2622 557 2672 Gslbs.
590 2625 626 2675 Et
638 2625 695 2688 jana
767 2625 879 2687 Placere]
895 2624 990 2674 Melior
1000 2631 1075 2674 retus
1083 2624 1172 2687 lectio,
1188 2625 1268 2687 plass-

158 2707 250 2760 suprn,
269 2700 398 2762 ‘populus
415 2713 474 2748 cum
492 2698 567 2748 lauru
582 2698 694 2750 acilori·
733 2705 780 2750 ret.
811 2701 844 2750 Id
861 2700 986 2750 docorum
1003 2714 1052 2763 pro
1072 2713 1151 2748 caum
1168 2699 1268 2763 Vespa·

159 2771 209 2823 bus
225 2773 318 2842 Galbae
337 2774 462 2838 imagines
478 2775 578 2826 circum
597 2778 694 2842 templa
733 2776 802 2826 ataui
816 2781 898 2837 ratus,
915 2775 937 2824 si
953 2774 1047 2825 Galba
1064 2773 1267 2836 principatus-et

159 2849 240 2900 tulit!
592 2873 596 2882 ·
734 2852 792 2915 ejus
809 2857 899 2915 partes
914 2865 947 2900 eo
957 2850 1025 2900 bollo
1041 2849 1201 2898 revirescere
1209 2863 1267 2900 cre·

193 2933 210 2960 '¹
225 2928 364 2992 Dimmdio]
388 2929 493 2994 Nempe
503 2931 644 2982 rebellione
655 2931 693 2982 0·
733 2928 874 2989 detentur3
891 2929 963 2993 quis,
979 2927 1037 2977 scil.
1056 2925 1193 2989 placuerst
1204 2924 1268 2976 (lal-

157 3003 246 3054 moris
264 3011 293 3055 et
307 3006 409 3055 Vitellii
427 3005 550 3056 adsersus
562 3007 692 3068 Galbam
732 3004 775 3066 ba,
791 3003 924 3068 precipue
935 3003 1036 3054 senatui
1046 2999 1202 3053 ctomuibus
1221 3000 1266 3052 bo·

157 3079 251 3130 eudem
267 3081 337 3130 enirn
355 3082 450 3142 auimo,
470 3083 614 3148 eodemque
636 3081 691 3133 lere
732 3080 788 3128 uis:
822 3078 992 3143 displicuerat
1017 3079 1062 3128 ille
1084 3083 1186 3126 tautum
1207 3074 1268 3127 fere

157 3161 279 3219 tmpore
292 3156 547 3222 uterquedei‘ecerat
565 3174 580 3208 a
598 3159 693 3210 Galba.
732 3155 858 3205 militibus
876 3155 983 3218 praemis
994 3162 1022 3203 et
1038 3153 1123 3217 spolia
1139 3151 1268 3216 cupienti·

157 3231 254 3296 Sieqoe
277 3233 333 3294 eJus
351 3233 475 3297 imagines
495 3234 637 3297 subversae,
664 3239 692 3285 et
732 3231 791 3294 bus,
809 3231 948 3281 exturbate
968 3230 1072 3293 Rspub.
1103 3228 1148 3278 Sic
1166 3228 1265 3292 quippo

156 3308 273 3356 nundum
286 3307 529 3372 repositaefueraut.
554 3329 557 3334 ·
731 3314 761 3357 et
783 3307 940 3371 Vespasiani
971 3306 1135 3370 principatus
1159 3305 1266 3367 placete

189 3388 204 3415 ¹
220 3382 361 3446 Semnus]
386 3386 438 3438 Qui
456 3400 511 3434 mos
529 3384 609 3434 etium
629 3385 690 3436 olim
730 3385 831 3448 optimo
839 3385 932 3447 carique
944 3383 1040 3447 potuit,
1051 3383 1124 3446 qnasi
1134 3381 1195 3431 boio
1205 3379 1267 3430 inel-

158 3457 263 3508 Graecis
272 3460 392 3523 usitatus,
411 3467 478 3512 testa
493 3461 626 3511 Plutarch.
638 3462 690 3511 Po·
732 3467 789 3510 tus:
806 3475 855 3510 nec
867 3458 1005 3510 admodum
1020 3459 1153 3508 dissimilia
1164 3459 1265 3521 Vespa·

156 3535 198 3585 lit.
209 3537 219 3566 ⁴
230 3537 356 3586 Demadis
375 3537 438 3586 item
455 3543 555 3587 statuas
574 3537 691 3600 dejectus
730 3536 826 3600 sianns,
836 3538 858 3586 si
865 3535 1033 3586 severitatem
1041 3542 1069 3584 et
1078 3533 1264 3598 parcimoniam

157 3616 186 3659 et
196 3609 315 3673 obrutas,
327 3627 357 3662 ac
367 3612 428 3662 iude
446 3615 479 3662 od
499 3614 604 3662 vascula
620 3627 690 3678 quaa·
731 3621 843 3675 spectes,
855 3611 983 3676 nisiquod
994 3611 1108 3674 iugenio,
1123 3609 1188 3670 sato,
1198 3615 1227 3660 et
1234 3607 1265 3658 fi·

157 3687 216 3736 dam
233 3701 282 3751 per
301 3690 481 3740 coutumeliam
499 3688 635 3753 conflatas,
649 3704 690 3739 ac·
728 3688 771 3736 liis
782 3687 892 3737 validior
900 3685 960 3740 fuit.

156 3765 292 3828 cepimus?
761 3769 775 3796 ⁸
794 3763 897 3825 Verona]
923 3763 992 3812 Urbs
1003 3763 1208 3812 Cenomanorum
1221 3771 1265 3822 po·

186 3841 368 3904 resumptis]
384 3842 451 3892 Quia
468 3843 581 3893 nondum
600 3845 689 3893 Roman
729 3839 858 3901 pulcrum,
875 3839 902 3886 in
918 3839 1030 3888 Venetis
1046 3839 1167 3902 regione:
1185 3833 1263 3886 bodie

154 3915 183 3966 id
194 3917 338 3980 praecipere
349 3924 469 3980 poterat3
487 3923 548 3983 quia
559 3921 617 3969 scii.
627 3934 690 3970 uon·
733 3915 833 3977 Versae,
843 3915 904 3964 urbs
914 3915 1072 3965 Veronensis
1082 3914 1146 3978 agn,
1156 3913 1263 3962 iuststu

154 3991 216 4042 dsut
226 3992 335 4055 vicerat,
345 3995 407 4059 quia
422 3996 535 4045 nondum
546 3996 636 4046 urbem
647 4011 690 4046 uc·
729 3993 841 4041 Veneto.
857 3993 979 4041 Tillenos.

154 4077 308 4133 supererat,
319 4071 346 4122 id
357 4071 384 4120 in
394 4073 539 4135 municipiis
543 4073 629 4137 jussit.
762 4065 774 4100 '’
801 4067 857 4123 Qu
875 4065 1048 4130 μσιιιώωιι]
1077 4063 1262 4116 Pnrslebant

185 4144 244 4196 ’δι’
251 4145 463 4213 μιιιιιΗιιιιι
478 4148 576 4215 interp.
595 4147 690 4213 Hispa·
729 4157 824 4209 nempe
835 4144 964 4209 equitatu,
972 4148 1003 4193 ut
1011 4141 1056 4208 qui
1066 4139 1262 4192 undecimalaa
