2925 4742
229 267 317 342 Μ
579 279 617 339 n.
641 283 821 340 oornunrr
843 287 971 338 uncrrr
1166 289 1353 357 [mom.

228 431 317 496 ueris
335 419 445 494 ‘enimi
471 435 625 515 exeepta,
654 450 730 494 oum
752 430 899 494 Tribuuo
926 426 1122 508 insultanti,¹¹
1143 421 1206 495 ‘s'e
1219 435 1350 495 tumen

230 527 478 616 Imperatorem*
500 533 573 616 ejus
596 531 721 610 fuisse:
736 532 918 616 respoudit.
961 529 1015 594 Ao
1039 531 1155 595 deinde
1175 531 1352 613 iugentia·

228 738 1349 806 woden,eanrritwlualasrttmrnruumpnlit,aetenmprtnntpen

729 903 837 954 Nom

230 1021 340 1073 dabam
353 1023 526 1086 desiderabat,
542 1030 587 1073 ant
607 1029 695 1086 partes
705 1036 761 1072 ess·
801 1023 898 1073 culcita
907 1021 1005 1072 loribus
1015 1019 1146 1086 opposita.

230 1095 299 1160 dem,
310 1097 469 1165 similemque
482 1093 664 1163 principatum.
835 1099 938 1147 Tribaeo
947 1097 1084 1160 mens]
1099 1096 1188 1146 Vertit
1197 1095 1345 1158 Interpres

260 1171 321 1224 Md
332 1175 469 1241 omina]
484 1177 557 1225 Suet.
568 1175 623 1223 vit.
632 1178 672 1224 lt.
689 1175 762 1222 ‘Do-
802 1173 872 1224 Gall.
884 1175 957 1238 quasi
976 1174 1040 1222 eiius
1049 1179 1119 1223 esset
1128 1187 1144 1222 e
1154 1172 1262 1221 tribuno
1273 1171 1346 1221 1³12-

229 1250 406 1316 ueelreliuatis
419 1261 475 1314 post
488 1259 564 1316 terga
579 1249 705 1311 manibus,
724 1249 761 1297 iu·
802 1250 871 1308 eido,
881 1258 909 1299 et
920 1251 993 1315 quasi
1004 1250 1031 1298 iu
1041 1248 1142 1297 Vitellii
1154 1246 1272 1297 exercita
1282 1261 1345 1296 me·

224 1325 298 1388 jecto
307 1327 450 1376 servis-ibus
459 1328 559 1391 laqueo,
567 1334 639 1374 reste
647 1324 763 1384 discissa,
804 1325 896 1374 ruisset
907 1324 1025 1374 tribunus
1033 1323 1084 1374 ille.
1111 1323 1190 1372 Forte
1202 1321 1240 1372 sie
1253 1321 1350 1385 ee'pit,

144 1417 148 1422 ·
230 1400 378 1450 sentimum
389 1403 416 1449 in
433 1401 516 1450 iorum
529 1409 626 1451 tractus
637 1407 685 1461 est,
696 1397 764 1450 iuter
804 1399 865 1462 qnia
882 1399 999 1462 objectat
1017 1397 1055 1447 illi
1066 1396 1201 1446 Vitellius:
1219 1395 1277 1445 ‘Se
1299 1401 1346 1444 tv

230 1491 323 1540 magna
343 1492 427 1527 rerum
439 1478 627 1540 verborumque
643 1475 763 1533 ludibria,
803 1489 862 1524 men
874 1475 930 1537 ejus
940 1475 1122 1538 imperatorem
1133 1472 1232 1522 suissed

230 1558 370 1614 pertulum
381 1552 429 1600 vie
439 1567 518 1600 sacrae
527 1553 647 1615 spatium,
655 1550 765 1600 reducta
837 1550 887 1599 Sed
898 1555 974 1613 pnto,
985 1548 1053 1598 idem
1064 1548 1182 1598 tribunus
1193 1553 1274 1610 eat,·a
1285 1559 1344 1610 qno

177 1667 181 1674 .
232 1639 305 1675 coma
317 1641 331 1674 s
341 1627 438 1688 capite,
448 1641 496 1675 eeu
506 1627 574 1675 noxii
585 1625 678 1686 solent,
686 1630 765 1689 atque
802 1623 1088 1688 psatrulritarvitellius:
1106 1625 1148 1673 cni
1157 1623 1262 1672 tribuno
1268 1621 1344 1671 baud

231 1700 310 1754 etiam
321 1709 409 1749 mento
419 1715 540 1751 mucrone
549 1700 627 1764 gladii
637 1700 765 1763 subjecto,
805 1701 883 1752 dubie
903 1702 1030 1767 imperata
1052 1708 1110 1751 erat
1128 1701 1215 1750 eredes
1226 1698 1347 1760 Vitellii,

232 1781 262 1824 ut
274 1774 406 1825 visendum
427 1775 558 1840 praeberet
576 1773 680 1837 faciem,
697 1789 765 1824 neve
805 1778 846 1827 rel
857 1792 874 1826 a
883 1777 1015 1840 Muciano,
1027 1777 1113 1826 veleb
1126 1776 1248 1841 Antonio,
1259 1773 1344 1824 simul

231 1850 416 1911 submitterem
450 1849 602 1915 quibusdam
633 1863 706 1899 ooeno
737 1855 766 1899 et
805 1859 833 1901 et
843 1852 876 1902 ab
886 1852 942 1901 aliia
953 1851 1060 1901 ducibus
1071 1852 1192 1914 partium.

231 1930 348 1974 stercore
374 1926 571 1986 incesserimus,
594 1925 651 1975 aliis
678 1926 765 1975 ineeu·
811 1949 815 1956 ·
838 1929 896 1977 Nee
915 1924 1007 1988 refert,
1025 1916 1189 1990 respondisse
1200 1923 1343 1974 Vitellium

232 1999 342 2050 diarium
351 2007 379 2051 et
390 2001 764 2065 patinarirrmvociirrautibus3
804 2003 917 2064 tribuno,
927 2002 935 2029 ⁴
944 2017 972 2052 se
982 2009 1072 2052 nmen
1084 2003 1138 2065 ejus
1152 2001 1342 2065 imperatorem

231 2081 308 2141 parte
323 2078 393 2140 volgi
414 2079 492 2128 etiarn
513 2079 628 2143 corporis
641 2079 703 2127 vitia
720 2092 765 2126 ex·
804 2075 901 2126 fuisse)
929 2076 1155 2125 Nambocvernm
1165 2071 1343 2123 fuitdeomai

232 2152 390 2222 probraule;
408 2155 474 2202 erat'
484 2153 551 2202 enirn
571 2154 598 2203 in
612 2168 643 2202 eo
654 2152 766 2202 enormis
805 2153 909 2202 omnino
926 2151 1009 2200 milite
1024 2149 1101 2200 Rom.
1116 2158 1342 2214 qsrommeunsque

233 2228 387 2288 proceritas,
398 2227 478 2276 iacies
496 2226 597 2291 rubida,
614 2227 767 2290 plerumque
805 2233 956 2289 castrorum,
966 2231 1012 2275 snt
1027 2224 1141 2289 partium
1156 2223 1233 2273 soret.
1266 2221 1340 2272 Nm

233 2312 267 2348 ex
275 2302 428 2361 vinolentia,
437 2309 528 2350 venter
540 2301 643 2363 obesus,
655 2301 767 2350 alterum
806 2303 904 2352 electus
914 2301 1036 2350 Vitellius
1055 2314 1086 2349 so
1098 2299 1183 2349 victor
1201 2302 1265 2347 aute
1272 2297 1342 2345 Ves-

234 2361 318 2424 iemnr
336 2374 478 2437 subdebile,
495 2375 606 2440 impulsu
626 2375 687 2424 olim
705 2389 779 2443 qna·-
805 2377 953 2440 pealaunm:
966 2375 1341 2425 etwtellilsacrameusoauas

233 2447 324 2514 erige,
336 2465 394 2500 cnm
410 2450 541 2514 auriganti
558 2449 621 2500 Caio
639 2449 768 2499 ministrs·
805 2453 887 2501 etiam
903 2451 1016 2518 legiones
1030 2450 1202 2514 cohortesque
1212 2447 1342 2512 adegerat

233 2529 317 2574 torem
329 2525 486 2576 exhiberet.'
805 2525 982 2589 Vespasianus
990 2525 1016 2573 in
1029 2524 1149 2573 Oriente.

265 2598 278 2634 ¹
296 2601 401 2652 Tritum
416 2601 555 2664 isseltuatr]
572 2601 624 2653 Qui
639 2601 767 2663 tribunus,
838 2602 917 2650 Certe
924 2607 1060 2665 amputata
1067 2600 1138 2648 suris
1144 2598 1344 2664 JulioPlaeldo,
1427 2621 1432 2626 ·

234 2683 265 2726 ut
283 2683 358 2741 puto,
377 2677 503 2727 immissus
519 2677 605 2727 iuerat
624 2692 640 2724 a
657 2676 767 2727 ducibus
806 2691 866 2727 eum
885 2676 1158 2735 treheretvitellium
1174 2689 1254 2745 quare
1269 2673 1341 2725 forte

158 2801 160 2804 .
235 2751 376 2810 Flavianis,
399 2761 428 2801 ut
454 2757 663 2814 perscrutaretur
684 2751 767 2800 Vitel·
806 2767 886 2817 nsque
902 2751 936 2800 ad
956 2752 1191 2802 aenlnatleuoniaa
1208 2764 1269 2800 eum
1287 2765 1341 2799 nou

234 2825 438 2889 lium,illomque
450 2827 593 2876 occideret.
621 2827 689 2877 Nan
701 2827 767 2876 tales
805 2835 845 2878 est
857 2835 1018 2892 prosecutus,
1028 2827 1073 2877 sed
1084 2827 1209 2878 militibus
1219 2826 1340 2876 tradidit.

234 2903 321 2951 redes
334 2903 443 2951 tribunis
455 2903 658 2965 impetebantur,
676 2908 707 2952 ut
724 2918 768 2967 ps·
838 2904 962 2953 Attamen
973 2901 1042 2953 forte
1057 2903 1118 2952 ideo
1134 2903 1215 2965 magis
1232 2902 1343 2952 insulta·

233 2979 276 3027 let
287 2978 319 3026 de
333 2978 450 3042 Agrippa
462 2980 595 3039 Postumo,
606 2978 639 3026 de
661 2978 767 3028 Messal-
808 2982 846 3028 rit
857 2979 975 3039 Vitellio,
993 2988 1021 3028 et
1031 2979 1161 3028 mesti
1175 2979 1224 3027 lroc
1235 2991 1344 3042 respon·

236 3051 298 3102 lina.
323 3053 358 3101 Et
370 3053 447 3101 etiem
459 3052 493 3101 de
501 3051 664 3113 Britannico,
674 3053 716 3102 eui
725 3067 768 3102 re·
808 3055 847 3104 dit
857 3055 986 3104 Vitellius.
1018 3055 1078 3104 Neo
1098 3053 1196 3104 eaedem
1216 3054 1276 3117 ejus
1294 3053 1343 3102 iur-
1444 3058 1445 3063 ’

233 3138 329 3178 menum
350 3136 468 3192 puratum
488 3143 502 3177 a
522 3130 643 3190 Locusta,
663 3127 709 3178 sed
725 3129 768 3192 jn·
809 3129 953 3194 perfectam
964 3128 1343 3194 temerereliquerittribunss,

235 3203 314 3254 beute
332 3211 361 3254 et
379 3205 501 3268 exigente
519 3205 621 3254 tribuno
639 3205 768 3268 pretorius
807 3205 1343 3270 utoniimparstaessetedominautibus,

236 3277 358 3328 cohortis.
391 3279 458 3329 Item
480 3281 512 3329 de
536 3281 673 3330 Plautiano
697 3280 767 3342 upud
808 3289 854 3332 aut
867 3289 940 3331 certe
960 3297 976 3330 a
991 3283 1122 3345 magistris
1140 3282 1342 3346 dominationia3
1444 3316 1445 3327 .

235 3352 423 3414 Herodianum,
434 3356 481 3403 snb
492 3356 590 3404 Severo
601 3357 728 3418 principe.
808 3373 871 3423 quor
905 3356 1039 3407 offendere
1071 3358 1230 3408 exitiebdim
1261 3357 1343 3422 foret,
1444 3330 1445 3387 d

270 3429 518 3493 liiduaoimsltunti]
536 3431 768 3493 Huiotribnno‚se
808 3448 885 3498 qnam
896 3433 979 3495 ipsum
991 3433 1183 3495 imperatore.
1217 3465 1221 3471 -
1444 3466 1445 3469 =

235 3510 322 3554 tuneo
345 3507 524 3567 imperatorem
545 3507 601 3569 ejus
623 3506 711 3565 fnisse,
728 3522 768 3556 re-
849 3509 983 3560 ’Μυκη
994 3510 1173 3573 ruspensem]
1183 3511 1226 3561 ste
1235 3523 1343 3573 respou-
1444 3558 1445 3563 ,

235 3580 347 3645 spondit.
381 3581 769 3633 idemillelrsudrlolrietribu·
808 3587 863 3634 deri
875 3587 940 3637 solet
951 3601 1010 3635 eum
1022 3589 1075 3636 sale
1087 3596 1115 3636 et
1126 3588 1173 3648 irs,
1182 3591 1273 3636 m.
1297 3587 1342 3638 Sic

235 3669 283 3704 uus
293 3656 438 3715 est‚.lulius
447 3657 501 3706 scil.
514 3656 644 3715 Placidus,
655 3659 698 3722 qni
708 3672 767 3707 eum
807 3662 1223 3722 mnxVeapaatnnna,⁴1.i‹·ininm
1241 3661 1343 3712 Mutis·
1439 3651 1445 3675 ³

236 3731 363 3783 elatebrs
374 3731 498 3790 extraxit,
509 3737 537 3780 et
548 3733 592 3796 qni
610 3733 714 3781 nuncei
730 3733 768 3780 in·
808 3750 867 3782 num
886 3747 955 3784 uota
972 3735 1154 3798 impudicitie,
1170 3736 1217 3785 aed
1237 3735 1344 3786 merito-
1444 3784 1445 3801 ,

235 3807 327 3858 enitet.
807 3823 863 3858 rum
882 3809 977 3858 fidncia
996 3812 1080 3858 minus
1098 3811 1138 3858 ani
1158 3809 1343 3872 reverentens‚'

268 3881 328 3932 Hoc
347 3881 416 3944 dico,
433 3881 494 3944 quis
511 3886 627 3942 vertunt,
645 3891 767 3948 tunquam
806 3885 846 3935 ita
857 3887 1002 3943 relaxabat,
1019 3888 1067 3938 ut?
1080 3887 1192 3936 adderet
1200 3886 1343 3938 clausulae

240 3959 307 4009 alter
327 3959 445 4007 tribunus
465 3957 584 4006 essetab
605 3973 635 4005 en
654 3960 698 4022 qni
709 3974 768 4008 eum
808 3963 864 4024 Ego
876 3969 961 4011 tamen
972 3965 1010 4009 rir
1022 3961 1096 4010 sum!
1244 3997 1248 4008 .

237 4041 336 4096 reperit
364 4032 529 4096 extrsxitque
553 4047 567 4080 e
590 4033 698 4095 latebra,
723 4047 769 4082 seu
842 4043 860 4068 Ν
877 4037 995 4100 lugeatis]
1016 4037 1127 4090 Quintil.
1138 4037 1217 4088 Deel.
1225 4041 1252 4088 ⁶.
1270 4037 1343 4086 ‘Pe-

238 4107 359 4162 eubioulo
376 4107 508 4174 jsuitorls,
525 4123 576 4175 qno
587 4121 615 4160 se
626 4109 771 4176 abdiderat,
810 4114 917 4178 perelsti
937 4113 1010 4180 mihi,
1035 4113 1164 4178 quomedo
1190 4112 1342 4178 exeogltsst
