2925 4742
128 341 263 408 scra]
456 333 723 396 rrrsrourreosr
748 337 822 387 nra.
844 336 895 388 rr.
1145 325 1237 400 3075

122 477 209 548 ,dum
221 479 388 552 bonorum
402 493 517 561 capax
538 483 640 548 atos:
662 479 746 544 nibil
763 480 854 564 quod
876 499 921 546 ex
935 486 969 546 te
982 484 1237 566 concupisceret

127 577 234 656 Nero,
246 577 332 644 nibil
342 579 435 662 quod
449 581 585 644 timeret.
629 579 786 646 Libidine
798 584 971 665 sanguinis
987 590 1022 648 et
1042 586 1133 651 hiatu
1141 605 1235 670 prue-

124 682 272 746 mimum
286 680 437 762 ignotum
456 679 565 744 adbuc
579 679 763 761 ingenium,
784 686 820 746 et
841 683 942 748 nubis
964 684 1237 754 defensionibus·

125 785 313 866 expertum,
330 779 423 846 coede
436 779 542 846 nobili
556 780 725 846 imbuisti:
748 801 827 848 curn
840 801 885 847 ex
895 783 1009 850 funere
1021 784 1235 870 Reipublicae

124 883 234 968 ruptis
247 880 485 947 Consularibus
503 881 646 966 spoliis:
660 885 867 968 septuagies·
879 889 1033 952 sestertio
1040 889 1238 971 aeginetica

125 989 158 1049 et
171 983 364 1050 sacerdotio
378 983 516 1066 fulgens,
538 983 693 1050 innoxios
715 1003 851 1068 pueros,
873 986 1016 1054 illustres
1037 1008 1142 1070 aenea,
1155 1009 1237 1058 con·

126 1086 267 1168 spicnus
292 1085 449 1152 foeminas
467 1085 584 1150 eadem
607 1086 702 1151 ruina
724 1093 966 1170 prosternerem
1001 1110 1079 1155 cum
1101 1093 1236 1175 segniti-

127 1191 211 1252 am¹¹
236 1186 384 1254 Neronis
408 1189 590 1265 incusaree,
615 1189 708 1271 quod
730 1209 791 1272 per
811 1191 961 1272 singulas
985 1189 1103 1255 domos
1130 1208 1235 1276 eoquo

127 1295 191 1354 et¹²
206 1289 370 1354 delatores
384 1289 555 1370 fatigaret:
578 1307 681 1372 posse
694 1291 884 1356 univeratuu
899 1290 1057 1356 Senatum
1070 1311 1139 1356 une
1149 1305 1234 1357 voce·

127 1391 287 1458 subverti.
333 1389 502 1468 Relincte,
518 1390 637 1456 Patres
659 1391 855 1477 conscripti,
880 1399 916 1459 et
937 1399 1106 1460 reservate
1127 1394 1235 1466 homi}

128 1601 196 1646 tates
214 1603 243 1647 et
260 1595 374 1646 noudum
384 1597 529 1661 euprescrdis
540 1595 709 1661 dignitatibus
726 1597 820 1650 idonea
837 1603 916 1650 artas:
931 1599 996 1649 nihil
1007 1599 1075 1665 quod
1087 1603 1158 1648 exte
1170 1597 1237 1648 desi·

126 1659 233 1710 deraret
246 1661 328 1722 Nero,
342 1661 406 1710 nibil
422 1661 491 1726 quod
506 1668 643 1712 metueret.
676 1661 805 1726 Cupidine
823 1664 930 1725 cruoris,
948 1665 1076 1714 ariditate
1094 1663 1189 1726 prada
1205 1669 1235 1713 et

126 1739 215 1788 opum,
223 1725 342 1774 modium
351 1741 380 1775 oc
390 1726 528 1787 musicem
537 1725 677 1790 meliboei,
688 1727 854 1792 imbuistique
866 1743 960 1778 cruore
971 1728 1065 1778 illustri
1075 1727 1235 1791 incognitam
1259 1763 1264 1770 .

125 1788 210 1838 adhuc
229 1787 387 1850 facundiam,
406 1797 434 1840 et
452 1791 530 1853 nullis
549 1791 699 1854 patrociniis
717 1799 876 1853 spectatam:
894 1807 954 1842 cum
965 1807 999 1841 ex
1016 1793 1089 1840 ruina
1105 1798 1133 1840 et
1151 1791 1234 1840 exitio

124 1851 173 1907 Rei
196 1887 203 1902 .
214 1853 331 1916 abreptis
342 1853 520 1904 consularibus
537 1853 636 1915 spoliis,
655 1853 808 1915 septuagies
826 1854 949 1902 sestertio
961 1853 1146 1916 impinguatus,
1157 1860 1186 1902 et
1197 1869 1236 1902 sa·

124 1867 245 1968 cerdotio
257 1917 405 1981 splendens,
421 1916 512 1965 eadem
523 1922 612 1978 strage
624 1913 777 1978 profligares
794 1916 910 1965 insontes
924 1929 1029 1980 pueros,
1039 1917 1141 1966 nobiles
1150 1929 1235 1982 senes,

123 1997 135 2032 s
154 1981 275 2032 lendidas
286 1987 431 2030 matronas:
449 1994 509 2028 cum
520 1979 638 2029 inertiam
657 1977 769 2028 Neronis
787 1980 859 2030 incre
878 1993 947 2042 ares,
965 1979 1035 2044 quod
1054 1995 1102 2044 per
1120 1980 1234 2044 singulas

134 2045 247 2109 ancilias,
258 2059 337 2110 ecque
349 2053 376 2094 et
386 2051 551 2093 accusatores
563 2044 688 2092 lassaret:
707 2057 783 2106 posse
801 2057 849 2107 pro
871 2043 936 2106 igari
954 2049 1039 2093 totum
1053 2050 1173 2092 serratum
1183 2057 1235 2093 nno

121 2109 214 2161 verbm
247 2109 367 2174 Servate,
376 2108 471 2158 Patres
482 2107 634 2171 conscripti,
651 2113 679 2156 et
695 2107 793 2157 babete
812 2108 883 2172 apud
902 2122 947 2156 ros
959 2108 1043 2157 virum
1062 2114 1117 2158 tam
1135 2107 1235 2172 egregii

592 2249 770 2272 unumne

120 2357 186 2428 -10
202 2351 248 2403 Sic
259 2353 358 2428 optime
369 2349 494 2428 Fuimus,
504 2351 622 2410 Scaliger
633 2353 661 2400 et
671 2348 840 2399 recentiores.
874 2348 907 2399 lu
919 2349 985 2403 bist.
997 2356 1026 2401 et
1034 2351 1167 2402 reteribm
1178 2351 1234 2402 edi·

122 2416 248 2476 tionibus,
268 2420 387 2476 samm.
422 2415 526 2476 Lrpsrns
548 2415 659 2478 primum
683 2411 878 2473 emendaverat,
897 2415 1021 2476 mmm.
1054 2416 1232 2466 Breues-11

122 2481 189 2532 nrm.
203 2479 282 2532 Coris.
295 2478 359 2543 Agr.
372 2486 398 2528 et
409 2475 490 2528 editio
506 2475 636 2541 princeps,
649 2475 850 2538 securim—18
866 2476 922 2528 Pro
938 2491 1008 2543 sepas
1024 2483 1049 2529 et
1066 2480 1120 2529 ida.
1136 2481 1234 2545 ltycktt

621 2621 732 2707 noun

154 2809 477 2885 emmerentianae]
509 2811 574 2860 Cum
600 2809 657 2875 ejus
698 2809 939 2868 tliisacerdotiaet
953 2810 1112 2870 consulatus,
1129 2819 1159 2862 ut
1173 2825 1234 2878 spc-
1341 2847 1345 2850 -
1422 2796 1424 2799 ¹

122 2890 274 2955 eloquentia
292 2887 369 2936 nullis
387 2885 537 2950 patrociniis
555 2901 658 2937 reorum
698 2885 744 2949 lia,
760 2886 865 2952 adepti;
882 2885 1078 2950 procurationes
1093 2887 1177 2938 alliot
1193 2889 1233 2940 iu-

122 2967 242 3018 exercita
253 2969 330 3026 esset,
346 2964 460 3026 ignotum
472 2970 529 3013 erat
539 2963 608 3014 illius
620 2963 658 3012 in·
698 2961 820 3011 teriorem
831 2961 988 3024 potentiam:
1005 2965 1121 3024 agerem,
1131 2960 1232 3014 ferrent

121 3043 274 3106 genium,et
285 3037 421 3088 mansisset
431 3038 600 3102 incognitum,
608 3038 658 3088 nisi
697 3035 812 3085 cuncta!
842 3035 947 3100 ls'paiac

120 3131 150 3168 ae
160 3115 263 3182 ingenti
277 3113 381 3164 crimine
393 3115 461 3164 ultro
473 3114 616 3178 polluisset.
729 3111 818 3174 Raptis
831 3111 1090 3175 mulmilrarpolt's's]
1113 3113 1141 3162 st
1156 3129 1231 3167 acce.

151 3199 163 3226 ²
183 3191 355 3242 commestus
371 3191 464 3256 spdiis]
492 3190 531 3240 Eo
550 3185 658 3256 dictum,
697 3195 774 3253 perat
789 3189 925 3252 praemium
941 3189 1122 3252 accusationis,
1141 3206 1234 3243 coasu-

121 3268 183 3334 qnia
193 3268 355 3318 consulatum
365 3274 513 3331 acceperat,
522 3268 658 3330 premium
697 3265 789 3327 latum,
801 3263 928 3327 Regulus,
939 3270 969 3314 ut
980 3264 1081 3326 placuit
1091 3265 1153 3316 viris
1163 3281 1234 3318 rum·

121 3343 302 3392 accusationis.
338 3341 405 3390 Nam
416 3342 456 3391 its
465 3341 611 3405 obtinebat,
628 3350 658 3394 ut
697 3343 757 3404 mis,
773 3343 865 3392 mirum
880 3356 928 3391 cur
945 3341 1014 3390 infrs
1023 3355 1082 3392 mou
1092 3343 1125 3393 de
1137 3345 1233 3397 eodem

122 3419 255 3474 mutanti
272 3428 299 3468 rt
313 3419 456 3481 damnanti,
471 3433 522 3468 non
539 3421 657 3482 pecunias
685 3417 814 3469 dicatur:
841 3420 897 3469 ‘Et
917 3432 992 3482 quam
1015 3418 1099 3469 adbuc
1120 3430 1233 3485 quaesto·

122 3494 206 3544 solum
220 3508 320 3543 merces
337 3501 416 3556 esset,
433 3493 480 3542 sed
497 3502 525 3544 et
543 3494 657 3558 bonoris,
698 3493 763 3542 rium
776 3492 971 3543 offendercnou
987 3494 1120 3561 audemus,
1135 3507 1232 3560 pratu·

123 3569 355 3632 amministretur,
364 3585 440 3634 quem
449 3571 657 3623 musbabuisset.
696 3571 764 3620 rium
785 3578 814 3621 et
834 3563 995 3623 consularem
1015 3573 1095 3624 visuri
1116 3573 1231 3624 rumusi'

154 3647 369 3698 Diul.1r‚vs.de
385 3649 580 3701 accusatoribus
598 3663 656 3714 per·
698 3649 826 3700 Gruterus.
935 3692 945 3710 ,
1225 3690 1230 3697 .

123 3737 254 3774 cursorum
267 3724 376 3774 Cetaria
388 3726 509 3789 pulchre:
527 3727 614 3775 ‘Nam
628 3731 656 3776 et
730 3727 808 3776 Forte
830 3733 930 3777 tautum
951 3726 989 3777 illi
1012 3729 1153 3791 promissus
1172 3733 1232 3778 erat

124 3801 270 3864 pecuniase
281 3801 352 3850 bonis
363 3801 521 3866 damnati,et
532 3791 656 3852 bonorem
695 3803 845 3855 consulatm
862 3817 878 3850 a
892 3803 1008 3864 Nerone,
1026 3815 1104 3866 quent
1119 3803 1233 3866 adeptus¹

124 3883 167 3928 aut
177 3877 370 3940 magistratum,
379 3878 478 3942 siquem
490 3881 566 3930 modo
577 3879 655 3930 habe·
695 3877 765 3928 foret
775 3893 821 3929 suo
832 3885 960 3943 tempore,
976 3892 1022 3928 seu
1039 3886 1099 3941 post
1112 3878 1163 3929 alia
1173 3891 1230 3927 ma·

124 3953 366 4017 ret,accipiebant.'
695 3953 1229 4018 nia,sidursasetNero,autbabuittorte

152 4030 259 4079 Tacitus
279 4043 351 4093 supe
366 4029 479 4079 indicat:
497 4034 525 4080 et
537 4031 608 4081 clare
619 4031 656 4082 in·
695 4031 807 4096 insignia
818 4031 968 4083 consularia

123 4103 170 4154 itio
186 4103 258 4155 iiist.
272 4105 324 4154 br.
356 4105 434 4154 ‘Nec
449 4105 533 4154 minor
550 4107 657 4169 prumia
727 4105 909 4171 wepsmgtes]
940 4105 1134 4155 800017000οε
1154 4118 1230 4156 coro·

122 4179 268 4231 delatam
277 4179 369 4243 inrisa,
377 4195 454 4244 quam
462 4182 571 4236 scelera.
589 4183 655 4240 Cum
694 4183 759 4234 nati.
852 4231 855 4239 ,
