<?xml version="1.0" encoding="UTF-8"?>
<!DOCTYPE html PUBLIC "-//W3C//DTD XHTML 1.0 Transitional//EN"
    "http://www.w3.org/TR/xhtml1/DTD/xhtml1-transitional.dtd">
<html xmlns="http://www.w3.org/1999/xhtml" xml:lang="en" lang="en">
 <head>
  <title>
</title>
<meta http-equiv="Content-Type" content="text/html;charset=utf-8" />
  <meta name='ocr-system' content='tesseract 3.04.00' />
  <meta name='ocr-capabilities' content='ocr_page ocr_carea ocr_par ocr_line ocrx_word'/>
</head>
<body>
  <div class='ocr_page' id='page_1' title='image "./ccorneliitaciti02lipsgoog/ccorneliitaciti02lipsgoog_0354.png"; bbox 0 0 2925 4742; ppageno 0'>
   <div class='ocr_carea' id='block_1_1' title="bbox 202 345 1316 436">
    <p class='ocr_par' dir='ltr' id='par_1_1' title="bbox 202 345 1316 436">
     <span class='ocr_line' id='line_1_1' title="bbox 202 345 1316 436; baseline 0.008 -25"><span class='ocrx_word' id='word_1_1' title='bbox 202 345 292 417; x_wconf 67' lang='lat'><strong>8092</strong></span> <span class='ocrx_word' id='word_1_2' title='bbox 555 363 592 415; x_wconf 84' lang='lat' dir='ltr'><strong>c.</strong></span> <span class='ocrx_word' id='word_1_3' title='bbox 616 359 799 412; x_wconf 80' lang='lat' dir='ltr'><strong>cosuncn</strong></span> <span class='ocrx_word' id='word_1_4' title='bbox 823 359 951 411; x_wconf 81' lang='lat' dir='ltr'><strong>rsorrr</strong></span> <span class='ocrx_word' id='word_1_5' title='bbox 1152 365 1316 436; x_wconf 56' lang='grc' dir='ltr'><strong>[ηοω.</strong></span> 
     </span>
    </p>
   </div>
   <div class='ocr_carea' id='block_1_2' title="bbox 203 505 1321 1813">
    <p class='ocr_par' dir='ltr' id='par_1_2' title="bbox 203 505 1321 1406">
     <span class='ocr_line' id='line_1_2' title="bbox 203 505 1318 594; baseline 0 -21"><span class='ocrx_word' id='word_1_6' title='bbox 203 509 334 594; x_wconf 84' lang='lat' dir='ltr'><strong>gressi,¹</strong></span> <span class='ocrx_word' id='word_1_7' title='bbox 347 507 549 574; x_wconf 73' lang='lat' dir='ltr'><strong>nuntiauere.</strong></span> <span class='ocrx_word' id='word_1_8' title='bbox 597 506 750 573; x_wconf 79' lang='lat' dir='ltr'><strong>Aderant</strong></span> <span class='ocrx_word' id='word_1_9' title='bbox 773 507 875 590; x_wconf 83' lang='lat' dir='ltr'><strong>legati</strong></span> <span class='ocrx_word' id='word_1_10' title='bbox 890 506 996 592; x_wconf 83' lang='lat' dir='ltr'><strong>Regis</strong></span> <span class='ocrx_word' id='word_1_11' title='bbox 1011 505 1182 591; x_wconf 83' lang='lat' dir='ltr'>Vologesi,</span> <span class='ocrx_word' id='word_1_12' title='bbox 1206 513 1318 592; x_wconf 84' lang='lat' dir='ltr'><strong>‘qua-</strong></span> 
     </span>
     <span class='ocr_line' id='line_1_3' title="bbox 203 608 1319 693; baseline -0.001 -18"><span class='ocrx_word' id='word_1_13' title='bbox 203 611 356 692; x_wconf 73' lang='lat' dir='ltr'><strong>draginta</strong></span> <span class='ocrx_word' id='word_1_14' title='bbox 369 608 579 674; x_wconf 87' lang='lat' dir='ltr'><strong>Partborum⁰</strong></span> <span class='ocrx_word' id='word_1_15' title='bbox 592 609 742 693; x_wconf 88' lang='lat' dir='ltr'><strong>equitum</strong></span> <span class='ocrx_word' id='word_1_16' title='bbox 757 608 871 673; x_wconf 86' lang='lat' dir='ltr'><strong>millia&#39;</strong></span> <span class='ocrx_word' id='word_1_17' title='bbox 886 609 1069 673; x_wconf 83' lang='lat' dir='ltr'><strong>offerentes.</strong></span> <span class='ocrx_word' id='word_1_18' title='bbox 1094 608 1319 692; x_wconf 86' lang='lat' dir='ltr'><strong>Magnificum</strong></span> 
     </span>
     <span class='ocr_line' id='line_1_4' title="bbox 203 710 1318 795; baseline -0.001 -19"><span class='ocrx_word' id='word_1_19' title='bbox 203 713 396 795; x_wconf 78' lang='lat' dir='ltr'><strong>lremmque,</strong></span> <span class='ocrx_word' id='word_1_20' title='bbox 412 713 513 775; x_wconf 88' lang='lat' dir='ltr'><strong>tantis</strong></span> <span class='ocrx_word' id='word_1_21' title='bbox 532 712 701 775; x_wconf 89' lang='lat' dir='ltr'><strong>sociorum</strong></span> <span class='ocrx_word' id='word_1_22' title='bbox 714 711 853 776; x_wconf 76' lang='lat' dir='ltr'><strong>auxiliis</strong></span> <span class='ocrx_word' id='word_1_23' title='bbox 874 710 1021 788; x_wconf 61' lang='lat' dir='ltr'><strong>ambiri?</strong></span> <span class='ocrx_word' id='word_1_24' title='bbox 1034 731 1144 794; x_wconf 89' lang='lat' dir='ltr'><strong>neque</strong></span> <span class='ocrx_word' id='word_1_25' title='bbox 1157 711 1318 794; x_wconf 80' lang='lat' dir='ltr'><strong>indigere.</strong></span> 
     </span>
     <span class='ocr_line' id='line_1_5' title="bbox 205 811 1319 897; baseline -0.004 -17"><span class='ocrx_word' id='word_1_26' title='bbox 205 814 335 880; x_wconf 75' lang='lat' dir='ltr'><strong>Gratiae</strong></span> <span class='ocrx_word' id='word_1_27' title='bbox 348 812 522 895; x_wconf 80' lang='lat' dir='ltr'><strong>Vologese</strong></span> <span class='ocrx_word' id='word_1_28' title='bbox 537 818 637 891; x_wconf 73' lang='lat' dir='ltr'><strong>actae,</strong></span> <span class='ocrx_word' id='word_1_29' title='bbox 647 811 922 897; x_wconf 82' lang='lat' dir='ltr'><strong>mandatumque,</strong></span> <span class='ocrx_word' id='word_1_30' title='bbox 937 816 947 846; x_wconf 91' lang='lat'>‘</span> <span class='ocrx_word' id='word_1_31' title='bbox 960 814 996 875; x_wconf 92' lang='lat' dir='ltr'><strong>ut</strong></span> <span class='ocrx_word' id='word_1_32' title='bbox 1010 812 1139 894; x_wconf 86' lang='lat' dir='ltr'><strong>legatos</strong></span> <span class='ocrx_word' id='word_1_33' title='bbox 1154 811 1195 876; x_wconf 85' lang='lat' dir='ltr'><strong>ad</strong></span> <span class='ocrx_word' id='word_1_34' title='bbox 1212 812 1319 876; x_wconf 86' lang='lat' dir='ltr'><strong>Sena·</strong></span> 
     </span>
     <span class='ocr_line' id='line_1_6' title="bbox 203 911 1321 997; baseline -0.003 -16"><span class='ocrx_word' id='word_1_35' title='bbox 203 922 276 981; x_wconf 84' lang='lat' dir='ltr'><strong>tum</strong></span> <span class='ocrx_word' id='word_1_36' title='bbox 289 915 445 979; x_wconf 74' lang='lat' dir='ltr'><strong>mitteretl</strong></span> <span class='ocrx_word' id='word_1_37' title='bbox 458 920 491 978; x_wconf 90' lang='lat' dir='ltr'><strong>et</strong></span> <span class='ocrx_word' id='word_1_38' title='bbox 502 934 621 997; x_wconf 88' lang='lat' dir='ltr'><strong>pacem</strong></span> <span class='ocrx_word' id='word_1_39' title='bbox 635 933 709 978; x_wconf 87' lang='lat' dir='ltr'><strong>esse</strong></span> <span class='ocrx_word' id='word_1_40' title='bbox 723 915 846 980; x_wconf 68' lang='lat' dir='ltr'><strong>sciret!</strong></span> <span class='ocrx_word' id='word_1_41' title='bbox 872 914 1117 997; x_wconf 82' lang='lat' dir='ltr'><strong>Vespasianus,</strong></span> <span class='ocrx_word' id='word_1_42' title='bbox 1133 915 1168 977; x_wconf 93' lang='lat' dir='ltr'><strong>in</strong></span> <span class='ocrx_word' id='word_1_43' title='bbox 1182 911 1321 978; x_wconf 82' lang='lat' dir='ltr'><strong>Italiam</strong></span> 
     </span>
     <span class='ocr_line' id='line_1_7' title="bbox 205 1012 1321 1100; baseline -0.004 -19"><span class='ocrx_word' id='word_1_44' title='bbox 205 1035 325 1100; x_wconf 87' lang='lat' dir='ltr'><strong>resque</strong></span> <span class='ocrx_word' id='word_1_45' title='bbox 337 1017 433 1081; x_wconf 87' lang='lat' dir='ltr'><strong>urbis</strong></span> <span class='ocrx_word' id='word_1_46' title='bbox 446 1017 601 1093; x_wconf 87' lang='lat' dir='ltr'><strong>intentus,</strong></span> <span class='ocrx_word' id='word_1_47' title='bbox 615 1016 789 1080; x_wconf 85' lang='lat' dir='ltr'><strong>adversam</strong></span> <span class='ocrx_word' id='word_1_48' title='bbox 814 1017 855 1080; x_wconf 91' lang='lat' dir='ltr'><strong>de</strong></span> <span class='ocrx_word' id='word_1_49' title='bbox 880 1015 1075 1081; x_wconf 89' lang='lat' dir='ltr'><strong>Domitiano</strong></span> <span class='ocrx_word' id='word_1_50' title='bbox 1089 1015 1214 1079; x_wconf 85' lang='lat' dir='ltr'><strong>famam</strong></span> <span class='ocrx_word' id='word_1_51' title='bbox 1229 1012 1321 1078; x_wconf 85' lang='lat' dir='ltr'><strong>acci·</strong></span> 
     </span>
     <span class='ocr_line' id='line_1_8' title="bbox 203 1113 1320 1203; baseline -0.003 -19"><span class='ocrx_word' id='word_1_52' title='bbox 203 1121 269 1203; x_wconf 85' lang='lat' dir='ltr'><strong>pit:</strong></span> <span class='ocrx_word' id='word_1_53' title='bbox 292 1123 474 1202; x_wconf 90' lang='lat' dir='ltr'><strong>‘tanquam</strong></span> <span class='ocrx_word' id='word_1_54' title='bbox 487 1118 647 1181; x_wconf 87' lang='lat' dir='ltr'><strong>terminos</strong></span> <span class='ocrx_word' id='word_1_55' title='bbox 663 1119 774 1181; x_wconf 80' lang='lat' dir='ltr'><strong>aetatis</strong></span> <span class='ocrx_word' id='word_1_56' title='bbox 789 1122 822 1181; x_wconf 89' lang='lat' dir='ltr'><strong>et</strong></span> <span class='ocrx_word' id='word_1_57' title='bbox 837 1135 997 1181; x_wconf 87' lang='lat' dir='ltr'><strong>concessa</strong></span> <span class='ocrx_word' id='word_1_58' title='bbox 1010 1115 1080 1179; x_wconf 90' lang='lat' dir='ltr'><strong>filio</strong></span> <span class='ocrx_word' id='word_1_59' title='bbox 1090 1113 1320 1198; x_wconf 64' lang='lat' dir='ltr'><strong>egrederetur?</strong></span> 
     </span>
     <span class='ocr_line' id='line_1_9' title="bbox 204 1217 1320 1306; baseline -0.003 -22"><span class='ocrx_word' id='word_1_60' title='bbox 204 1220 316 1303; x_wconf 85' lang='lat' dir='ltr'><strong>Igitur</strong></span> <span class='ocrx_word' id='word_1_61' title='bbox 325 1220 569 1286; x_wconf 83' lang='lat' dir='ltr'><strong>validissimam</strong></span> <span class='ocrx_word' id='word_1_62' title='bbox 582 1221 748 1284; x_wconf 88' lang='lat' dir='ltr'><strong>exercitus</strong></span> <span class='ocrx_word' id='word_1_63' title='bbox 767 1225 897 1306; x_wconf 87' lang='lat' dir='ltr'><strong>partem</strong></span> <span class='ocrx_word' id='word_1_64' title='bbox 910 1217 989 1284; x_wconf 84' lang='lat' dir='ltr'><strong>Tito</strong></span> <span class='ocrx_word' id='word_1_65' title='bbox 1003 1217 1115 1296; x_wconf 84' lang='lat' dir='ltr'><strong>tradit,</strong></span> <span class='ocrx_word' id='word_1_66' title='bbox 1130 1217 1174 1282; x_wconf 88' lang='lat' dir='ltr'><strong>ad</strong></span> <span class='ocrx_word' id='word_1_67' title='bbox 1186 1217 1320 1301; x_wconf 82' lang='lat' dir='ltr'><strong>reliqua</strong></span> 
     </span>
     <span class='ocr_line' id='line_1_10' title="bbox 205 1320 678 1406; baseline -0.002 -20"><span class='ocrx_word' id='word_1_68' title='bbox 205 1321 228 1386; x_wconf 88' lang='lat' dir='ltr'>J</span> <span class='ocrx_word' id='word_1_69' title='bbox 230 1320 341 1388; x_wconf 89' lang='lat' dir='ltr'><strong>udaici</strong></span> <span class='ocrx_word' id='word_1_70' title='bbox 354 1323 435 1388; x_wconf 89' lang='lat' dir='ltr'><strong>belli</strong></span> <span class='ocrx_word' id='word_1_71' title='bbox 448 1322 678 1406; x_wconf 90' lang='lat' dir='ltr'><strong>perpetranda.</strong></span> 
     </span>
    </p>

    <p class='ocr_par' dir='ltr' id='par_1_3' title="bbox 205 1421 1320 1813">
     <span class='ocr_line' id='line_1_11' title="bbox 211 1421 1320 1507; baseline -0.007 -17"><span class='ocrx_word' id='word_1_72' title='bbox 211 1455 215 1462; x_wconf 96' lang='lat'><em>·</em></span> <span class='ocrx_word' id='word_1_73' title='bbox 248 1425 303 1490; x_wconf 75' lang='lat'><strong>52.</strong></span> <span class='ocrx_word' id='word_1_74' title='bbox 324 1424 452 1502; x_wconf 85' lang='lat' dir='ltr'><strong>Titum,</strong></span> <span class='ocrx_word' id='word_1_75' title='bbox 469 1429 649 1507; x_wconf 81' lang='lat' dir='ltr'><strong>antequam</strong></span> <span class='ocrx_word' id='word_1_76' title='bbox 673 1423 922 1506; x_wconf 70' lang='lat' dir='ltr'><strong>digrederetur:</strong></span> <span class='ocrx_word' id='word_1_77' title='bbox 945 1423 1052 1487; x_wconf 85' lang='lat' dir='ltr'><strong>multo</strong></span> <span class='ocrx_word' id='word_1_78' title='bbox 1075 1421 1164 1504; x_wconf 85' lang='lat' dir='ltr'><strong>apud</strong></span> <span class='ocrx_word' id='word_1_79' title='bbox 1187 1421 1320 1503; x_wconf 82' lang='lat' dir='ltr'><strong>patrem</strong></span> 
     </span>
     <span class='ocr_line' id='line_1_12' title="bbox 205 1523 1320 1604; baseline -0.006 -12"><span class='ocrx_word' id='word_1_80' title='bbox 205 1545 357 1592; x_wconf 84' lang='lat' dir='ltr'><strong>sermone</strong></span> <span class='ocrx_word' id='word_1_81' title='bbox 370 1545 485 1591; x_wconf 85' lang='lat' dir='ltr'><strong>orasse</strong></span> <span class='ocrx_word' id='word_1_82' title='bbox 498 1526 682 1604; x_wconf 84' lang='lat' dir='ltr'><strong>dicebatur,</strong></span> <span class='ocrx_word' id='word_1_83' title='bbox 705 1530 774 1590; x_wconf 90' lang='lat' dir='ltr'><strong>‘ne</strong></span> <span class='ocrx_word' id='word_1_84' title='bbox 790 1527 1033 1591; x_wconf 85' lang='lat' dir='ltr'><strong>criminantium</strong></span> <span class='ocrx_word' id='word_1_85' title='bbox 1058 1523 1181 1586; x_wconf 87' lang='lat' dir='ltr'><strong>nuntiis</strong></span> <span class='ocrx_word' id='word_1_86' title='bbox 1197 1527 1320 1585; x_wconf 86' lang='lat' dir='ltr'><strong>temere</strong></span> 
     </span>
     <span class='ocr_line' id='line_1_13' title="bbox 206 1624 1320 1712; baseline -0.006 -17"><span class='ocrx_word' id='word_1_87' title='bbox 206 1629 452 1695; x_wconf 83' lang='lat' dir='ltr'><strong>accenderetur:</strong></span> <span class='ocrx_word' id='word_1_88' title='bbox 474 1629 702 1712; x_wconf 88' lang='lat' dir='ltr'><strong>integrumque</strong></span> <span class='ocrx_word' id='word_1_89' title='bbox 716 1647 754 1691; x_wconf 87' lang='lat' dir='ltr'><strong>sc</strong></span> <span class='ocrx_word' id='word_1_90' title='bbox 778 1647 818 1692; x_wconf 87' lang='lat' dir='ltr'><strong>ac</strong></span> <span class='ocrx_word' id='word_1_91' title='bbox 835 1627 1035 1711; x_wconf 84' lang='lat' dir='ltr'><strong>placabilem</strong></span> <span class='ocrx_word' id='word_1_92' title='bbox 1049 1624 1119 1688; x_wconf 87' lang='lat' dir='ltr'><strong>filio</strong></span> <span class='ocrx_word' id='word_1_93' title='bbox 1134 1626 1320 1707; x_wconf 80' lang='lat' dir='ltr'><strong>praestaret.</strong></span> 
     </span>
     <span class='ocr_line' id='line_1_14' title="bbox 207 1726 1319 1813; baseline -0.008 -16"><span class='ocrx_word' id='word_1_94' title='bbox 207 1729 289 1797; x_wconf 87' lang='lat' dir='ltr'><strong>Nou</strong></span> <span class='ocrx_word' id='word_1_95' title='bbox 302 1730 465 1813; x_wconf 88' lang='lat' dir='ltr'><strong>legiones,</strong></span> <span class='ocrx_word' id='word_1_96' title='bbox 473 1749 541 1793; x_wconf 90' lang='lat' dir='ltr'><strong>non</strong></span> <span class='ocrx_word' id='word_1_97' title='bbox 555 1731 692 1807; x_wconf 86' lang='lat' dir='ltr'><strong>classes,</strong></span> <span class='ocrx_word' id='word_1_98' title='bbox 704 1729 844 1812; x_wconf 89' lang='lat' dir='ltr'><strong>perinde</strong></span> <span class='ocrx_word' id='word_1_99' title='bbox 854 1728 950 1792; x_wconf 84' lang='lat' dir='ltr'><strong>firme</strong></span> <span class='ocrx_word' id='word_1_100' title='bbox 960 1727 1091 1812; x_wconf 88' lang='lat' dir='ltr'><strong>imperii</strong></span> <span class='ocrx_word' id='word_1_101' title='bbox 1106 1726 1319 1803; x_wconf 84' lang='lat' dir='ltr'><strong>munimenta,</strong></span> 
     </span>
    </p>
   </div>
   <div class='ocr_carea' id='block_1_3' title="bbox 207 1919 1354 2628">
    <p class='ocr_par' dir='ltr' id='par_1_4' title="bbox 207 1919 1324 2437">
     <span class='ocr_line' id='line_1_15' title="bbox 207 1919 1323 1989; baseline -0.004 -14"><span class='ocrx_word' id='word_1_102' title='bbox 207 1925 274 1975; x_wconf 70' lang='lat' dir='ltr'><strong>sm</strong></span> <span class='ocrx_word' id='word_1_103' title='bbox 284 1927 396 1989; x_wconf 75' lang='lat' dir='ltr'><strong>retulere,</strong></span> <span class='ocrx_word' id='word_1_104' title='bbox 414 1924 523 1988; x_wconf 88' lang='lat' dir='ltr'><strong>periisse</strong></span> <span class='ocrx_word' id='word_1_105' title='bbox 534 1924 680 1974; x_wconf 87' lang='lat' dir='ltr'><strong>Vitellium.</strong></span> <span class='ocrx_word' id='word_1_106' title='bbox 713 1925 881 1974; x_wconf 73' lang='lat' dir='ltr'><strong>Advertebant</strong></span> <span class='ocrx_word' id='word_1_107' title='bbox 891 1929 996 1974; x_wconf 71' lang='lat' dir='ltr'><strong>mima</strong></span> <span class='ocrx_word' id='word_1_108' title='bbox 1009 1925 1075 1986; x_wconf 80' lang='lat' dir='ltr'><strong>regis</strong></span> <span class='ocrx_word' id='word_1_109' title='bbox 1094 1921 1209 1983; x_wconf 72' lang='lat' dir='ltr'><strong>Vologesi,</strong></span> <span class='ocrx_word' id='word_1_110' title='bbox 1219 1919 1323 1984; x_wconf 75' lang='lat' dir='ltr'><strong>prenit-</strong></span> 
     </span>
     <span class='ocr_line' id='line_1_16' title="bbox 208 1986 1323 2053; baseline -0.004 -15"><span class='ocrx_word' id='word_1_111' title='bbox 208 1993 285 2039; x_wconf 78' lang='lat' dir='ltr'><strong>testes</strong></span> <span class='ocrx_word' id='word_1_112' title='bbox 294 1989 468 2053; x_wconf 83' lang='lat' dir='ltr'><strong>quadraginta</strong></span> <span class='ocrx_word' id='word_1_113' title='bbox 478 1989 559 2038; x_wconf 84' lang='lat' dir='ltr'><strong>millia</strong></span> <span class='ocrx_word' id='word_1_114' title='bbox 578 1989 696 2052; x_wconf 86' lang='lat' dir='ltr'><strong>equitum</strong></span> <span class='ocrx_word' id='word_1_115' title='bbox 716 1988 882 2039; x_wconf 77' lang='lat' dir='ltr'><strong>Parthorum.</strong></span> <span class='ocrx_word' id='word_1_116' title='bbox 916 1989 1051 2038; x_wconf 67' lang='lat' dir='ltr'><strong>Glorientur</strong></span> <span class='ocrx_word' id='word_1_117' title='bbox 1061 1986 1217 2048; x_wconf 65' lang='lat' dir='ltr'><strong>sardam</strong></span> <span class='ocrx_word' id='word_1_118' title='bbox 1227 1990 1296 2042; x_wconf 76' lang='lat' dir='ltr'><strong>erat,</strong></span> <span class='ocrx_word' id='word_1_119' title='bbox 1305 1999 1323 2034; x_wconf 79' lang='lat' dir='ltr'><strong>a</strong></span> 
     </span>
     <span class='ocr_line' id='line_1_17' title="bbox 209 2049 1324 2116; baseline -0.005 -12"><span class='ocrx_word' id='word_1_120' title='bbox 209 2058 260 2104; x_wconf 65' lang='lat' dir='ltr'><strong>lm</strong></span> <span class='ocrx_word' id='word_1_121' title='bbox 274 2055 358 2104; x_wconf 65' lang='lat' dir='ltr'><strong>nattis</strong></span> <span class='ocrx_word' id='word_1_122' title='bbox 374 2056 489 2103; x_wconf 67' lang='lat' dir='ltr'><strong>earnm</strong></span> <span class='ocrx_word' id='word_1_123' title='bbox 507 2053 582 2116; x_wconf 84' lang='lat' dir='ltr'><strong>copiis</strong></span> <span class='ocrx_word' id='word_1_124' title='bbox 599 2054 645 2102; x_wconf 86' lang='lat' dir='ltr'><strong>coli</strong></span> <span class='ocrx_word' id='word_1_125' title='bbox 663 2069 691 2101; x_wconf 83' lang='lat' dir='ltr'><strong>sc</strong></span> <span class='ocrx_word' id='word_1_126' title='bbox 707 2055 826 2116; x_wconf 66' lang='grc' dir='ltr'><strong><em>Μηνὶ,</em></strong></span> <span class='ocrx_word' id='word_1_127' title='bbox 844 2057 984 2116; x_wconf 66' lang='lat' dir='ltr'><strong>meropes</strong></span> <span class='ocrx_word' id='word_1_128' title='bbox 992 2051 1085 2101; x_wconf 71' lang='lat' dir='ltr'><strong>labae.</strong></span> <span class='ocrx_word' id='word_1_129' title='bbox 1119 2049 1324 2110; x_wconf 66' lang='lat' dir='ltr'><strong>mutem</strong></span> 
     </span>
     <span class='ocr_line' id='line_1_18' title="bbox 213 2112 1323 2181; baseline -0.005 -14"><span class='ocrx_word' id='word_1_130' title='bbox 213 2117 337 2180; x_wconf 79' lang='lat' dir='ltr'><strong>Vologese,</strong></span> <span class='ocrx_word' id='word_1_131' title='bbox 353 2119 549 2181; x_wconf 68' lang='lat' dir='ltr'><strong>rescriptumque,</strong></span> <span class='ocrx_word' id='word_1_132' title='bbox 567 2125 599 2167; x_wconf 87' lang='lat' dir='ltr'><strong>ut</strong></span> <span class='ocrx_word' id='word_1_133' title='bbox 616 2117 735 2166; x_wconf 88' lang='lat' dir='ltr'><strong>mitteret</strong></span> <span class='ocrx_word' id='word_1_134' title='bbox 755 2118 856 2180; x_wconf 79' lang='lat' dir='ltr'><strong>legatos</strong></span> <span class='ocrx_word' id='word_1_135' title='bbox 876 2117 909 2166; x_wconf 86' lang='lat' dir='ltr'><strong>ad</strong></span> <span class='ocrx_word' id='word_1_136' title='bbox 927 2113 1205 2180; x_wconf 62' lang='lat' dir='ltr'><strong>continuationum</strong></span> <span class='ocrx_word' id='word_1_137' title='bbox 1222 2112 1323 2162; x_wconf 67' lang='lat' dir='ltr'><strong>bdlan</strong></span> 
     </span>
     <span class='ocr_line' id='line_1_19' title="bbox 210 2179 1324 2246; baseline -0.003 -16"><span class='ocrx_word' id='word_1_138' title='bbox 210 2182 399 2232; x_wconf 84' lang='lat' dir='ltr'><strong>essedisceret.</strong></span> <span class='ocrx_word' id='word_1_139' title='bbox 437 2183 603 2246; x_wconf 70' lang='lat' dir='ltr'><strong>Vespasianus,</strong></span> <span class='ocrx_word' id='word_1_140' title='bbox 623 2196 697 2230; x_wconf 86' lang='lat' dir='ltr'><strong>curas</strong></span> <span class='ocrx_word' id='word_1_141' title='bbox 716 2195 775 2231; x_wconf 88' lang='lat' dir='ltr'><strong>suas</strong></span> <span class='ocrx_word' id='word_1_142' title='bbox 792 2182 819 2230; x_wconf 88' lang='lat' dir='ltr'><strong>iss</strong></span> <span class='ocrx_word' id='word_1_143' title='bbox 837 2181 937 2231; x_wconf 77' lang='lat' dir='ltr'><strong>Italiam</strong></span> <span class='ocrx_word' id='word_1_144' title='bbox 955 2195 1037 2244; x_wconf 73' lang='lat' dir='ltr'><strong>resque</strong></span> <span class='ocrx_word' id='word_1_145' title='bbox 1054 2179 1161 2228; x_wconf 59' lang='lat' dir='ltr'><strong>amsii</strong></span> <span class='ocrx_word' id='word_1_146' title='bbox 1175 2183 1324 2238; x_wconf 55' lang='lat' dir='ltr'><strong>maerim</strong></span> 
     </span>
     <span class='ocr_line' id='line_1_20' title="bbox 207 2243 1324 2310; baseline -0.005 -16"><span class='ocrx_word' id='word_1_147' title='bbox 207 2245 333 2294; x_wconf 62' lang='lat' dir='ltr'><strong>simne</strong></span> <span class='ocrx_word' id='word_1_148' title='bbox 343 2249 373 2296; x_wconf 84' lang='lat' dir='ltr'><strong>de</strong></span> <span class='ocrx_word' id='word_1_149' title='bbox 383 2247 524 2297; x_wconf 76' lang='lat' dir='ltr'><strong>Dorsitisas</strong></span> <span class='ocrx_word' id='word_1_150' title='bbox 534 2261 650 2295; x_wconf 70' lang='lat' dir='ltr'><strong>mrem</strong></span> <span class='ocrx_word' id='word_1_151' title='bbox 660 2246 741 2294; x_wconf 69' lang='lat' dir='ltr'><strong>cedd:</strong></span> <span class='ocrx_word' id='word_1_152' title='bbox 759 2252 882 2310; x_wconf 85' lang='lat' dir='ltr'><strong>tanquam</strong></span> <span class='ocrx_word' id='word_1_153' title='bbox 902 2246 1027 2294; x_wconf 71' lang='lat' dir='ltr'><strong>transiret</strong></span> <span class='ocrx_word' id='word_1_154' title='bbox 1037 2243 1101 2294; x_wconf 85' lang='lat' dir='ltr'><strong>flues</strong></span> <span class='ocrx_word' id='word_1_155' title='bbox 1115 2243 1211 2303; x_wconf 72' lang='lat' dir='ltr'><strong>estatis,</strong></span> <span class='ocrx_word' id='word_1_156' title='bbox 1222 2248 1252 2290; x_wconf 86' lang='lat' dir='ltr'><strong>et</strong></span> <span class='ocrx_word' id='word_1_157' title='bbox 1264 2255 1324 2304; x_wconf 86' lang='lat' dir='ltr'><strong>per-</strong></span> 
     </span>
     <span class='ocr_line' id='line_1_21' title="bbox 208 2305 1324 2376; baseline -0.004 -18"><span class='ocrx_word' id='word_1_158' title='bbox 208 2310 286 2358; x_wconf 83' lang='lat' dir='ltr'><strong>missa</strong></span> <span class='ocrx_word' id='word_1_159' title='bbox 304 2309 368 2361; x_wconf 89' lang='lat' dir='ltr'><strong>tilio.</strong></span> <span class='ocrx_word' id='word_1_160' title='bbox 403 2311 488 2373; x_wconf 77' lang='lat' dir='ltr'><strong>Itaque</strong></span> <span class='ocrx_word' id='word_1_161' title='bbox 505 2311 625 2373; x_wconf 77' lang='lat' dir='ltr'><strong>pensittit</strong></span> <span class='ocrx_word' id='word_1_162' title='bbox 646 2310 702 2359; x_wconf 79' lang='lat' dir='ltr'><strong>Tito</strong></span> <span class='ocrx_word' id='word_1_163' title='bbox 711 2310 879 2376; x_wconf 76' lang='lat' dir='ltr'><strong>fineissimera</strong></span> <span class='ocrx_word' id='word_1_164' title='bbox 895 2309 1014 2360; x_wconf 67' lang='lat' dir='ltr'><strong>emeca</strong></span> <span class='ocrx_word' id='word_1_165' title='bbox 1034 2313 1138 2370; x_wconf 68' lang='lat' dir='ltr'><strong>petest,</strong></span> <span class='ocrx_word' id='word_1_166' title='bbox 1159 2308 1191 2356; x_wconf 79' lang='lat' dir='ltr'><strong>stt</strong></span> <span class='ocrx_word' id='word_1_167' title='bbox 1208 2305 1324 2368; x_wconf 70' lang='lat' dir='ltr'><strong>reliquiar</strong></span> 
     </span>
     <span class='ocr_line' id='line_1_22' title="bbox 208 2373 550 2437; baseline 0.003 -16"><span class='ocrx_word' id='word_1_168' title='bbox 208 2373 307 2421; x_wconf 70' lang='lat' dir='ltr'><strong>dedalei</strong></span> <span class='ocrx_word' id='word_1_169' title='bbox 317 2374 372 2423; x_wconf 85' lang='lat' dir='ltr'><strong>beili</strong></span> <span class='ocrx_word' id='word_1_170' title='bbox 378 2374 550 2437; x_wconf 74' lang='lat' dir='ltr'><strong>profligandos.</strong></span> 
     </span>
    </p>

    <p class='ocr_par' dir='ltr' id='par_1_5' title="bbox 210 2432 1354 2628">
     <span class='ocr_line' id='line_1_23' title="bbox 243 2432 1354 2500; baseline -0.004 -15"><span class='ocrx_word' id='word_1_171' title='bbox 243 2436 374 2486; x_wconf 71' lang='lat' dir='ltr'><strong>Ferebstm</strong></span> <span class='ocrx_word' id='word_1_172' title='bbox 387 2439 477 2498; x_wconf 76' lang='lat' dir='ltr'><strong>Titurii,</strong></span> <span class='ocrx_word' id='word_1_173' title='bbox 490 2438 627 2500; x_wconf 83' lang='lat' dir='ltr'><strong>priusqrssst</strong></span> <span class='ocrx_word' id='word_1_174' title='bbox 637 2437 767 2486; x_wconf 84' lang='lat' dir='ltr'><strong>diseederet</strong></span> <span class='ocrx_word' id='word_1_175' title='bbox 787 2452 802 2486; x_wconf 88' lang='lat' dir='ltr'><strong>a</strong></span> <span class='ocrx_word' id='word_1_176' title='bbox 821 2441 908 2500; x_wconf 84' lang='lat' dir='ltr'><strong>patre,</strong></span> <span class='ocrx_word' id='word_1_177' title='bbox 924 2435 1029 2499; x_wconf 79' lang='lat' dir='ltr'><strong>plurimo</strong></span> <span class='ocrx_word' id='word_1_178' title='bbox 1043 2435 1107 2498; x_wconf 77' lang='lat' dir='ltr'><strong>epuli</strong></span> <span class='ocrx_word' id='word_1_179' title='bbox 1124 2433 1190 2484; x_wconf 80' lang='lat' dir='ltr'><strong>illum</strong></span> <span class='ocrx_word' id='word_1_180' title='bbox 1206 2432 1324 2496; x_wconf 78' lang='lat' dir='ltr'><strong>colloquio</strong></span> <span class='ocrx_word' id='word_1_181' title='bbox 1349 2445 1354 2454; x_wconf 94' lang='lat'>·</span> 
     </span>
     <span class='ocr_line' id='line_1_24' title="bbox 210 2499 1324 2562; baseline -0.002 -13"><span class='ocrx_word' id='word_1_182' title='bbox 210 2499 348 2562; x_wconf 61' lang='lat' dir='ltr'><strong>obscum</strong></span> <span class='ocrx_word' id='word_1_183' title='bbox 358 2516 391 2550; x_wconf 90' lang='lat' dir='ltr'><strong>ne</strong></span> <span class='ocrx_word' id='word_1_184' title='bbox 401 2502 485 2550; x_wconf 87' lang='lat' dir='ltr'><strong>literis</strong></span> <span class='ocrx_word' id='word_1_185' title='bbox 497 2501 673 2549; x_wconf 68' lang='lat' dir='ltr'><strong>accersendum</strong></span> <span class='ocrx_word' id='word_1_186' title='bbox 683 2501 761 2548; x_wconf 79' lang='lat' dir='ltr'><strong>facile</strong></span> <span class='ocrx_word' id='word_1_187' title='bbox 772 2506 993 2550; x_wconf 82' lang='lat' dir='ltr'><strong>commoveretur:</strong></span> <span class='ocrx_word' id='word_1_188' title='bbox 1011 2499 1241 2561; x_wconf 84' lang='lat' dir='ltr'><strong>incorruptumque</strong></span> <span class='ocrx_word' id='word_1_189' title='bbox 1253 2511 1281 2546; x_wconf 87' lang='lat' dir='ltr'><strong>se</strong></span> <span class='ocrx_word' id='word_1_190' title='bbox 1292 2503 1324 2547; x_wconf 87' lang='lat' dir='ltr'><strong>et</strong></span> 
     </span>
     <span class='ocr_line' id='line_1_25' title="bbox 211 2559 1324 2628; baseline -0.003 -15"><span class='ocrx_word' id='word_1_191' title='bbox 211 2563 369 2615; x_wconf 71' lang='lat' dir='ltr'><strong>exorabilem</strong></span> <span class='ocrx_word' id='word_1_192' title='bbox 388 2564 443 2614; x_wconf 87' lang='lat' dir='ltr'><strong>tilio</strong></span> <span class='ocrx_word' id='word_1_193' title='bbox 463 2564 608 2614; x_wconf 72' lang='lat' dir='ltr'><strong>exhiberet.</strong></span> <span class='ocrx_word' id='word_1_194' title='bbox 642 2565 704 2614; x_wconf 88' lang='lat' dir='ltr'><strong>Non</strong></span> <span class='ocrx_word' id='word_1_195' title='bbox 723 2563 866 2628; x_wconf 82' lang='lat' dir='ltr'><strong>exercitus,</strong></span> <span class='ocrx_word' id='word_1_196' title='bbox 884 2576 936 2612; x_wconf 88' lang='lat' dir='ltr'><strong>nou</strong></span> <span class='ocrx_word' id='word_1_197' title='bbox 954 2564 1059 2626; x_wconf 85' lang='lat' dir='ltr'><strong>classes,</strong></span> <span class='ocrx_word' id='word_1_198' title='bbox 1077 2577 1152 2627; x_wconf 81' lang='lat' dir='ltr'><strong>aque</strong></span> <span class='ocrx_word' id='word_1_199' title='bbox 1170 2559 1256 2611; x_wconf 83' lang='lat' dir='ltr'><strong>satida</strong></span> <span class='ocrx_word' id='word_1_200' title='bbox 1273 2573 1324 2611; x_wconf 85' lang='lat' dir='ltr'><strong>esse</strong></span> 
     </span>
    </p>
   </div>
   <div class='ocr_carea' id='block_1_4' title="bbox 674 2715 851 2735">
    <p class='ocr_par' dir='ltr' id='par_1_6' title="bbox 674 2715 851 2735">
     <span class='ocr_line' id='line_1_26' title="bbox 674 2715 851 2735; baseline 0 0"><span class='ocrx_word' id='word_1_201' title='bbox 674 2715 851 2735; x_wconf 62' lang='grc' dir='ltr'><strong><em>ΜΙΜΝΝΙ</em></strong></span> 
     </span>
    </p>
   </div>
   <div class='ocr_carea' id='block_1_5' title="bbox 248 2811 1184 2877">
    <p class='ocr_par' dir='ltr' id='par_1_7' title="bbox 248 2811 1184 2877">
     <span class='ocr_line' id='line_1_27' title="bbox 248 2811 1184 2877; baseline -0.004 -13"><span class='ocrx_word' id='word_1_202' title='bbox 248 2815 418 2864; x_wconf 84' lang='lat' dir='ltr'><strong>lFerrettus</strong></span> <span class='ocrx_word' id='word_1_203' title='bbox 430 2813 529 2874; x_wconf 86' lang='lat' dir='ltr'><strong>mallet,</strong></span> <span class='ocrx_word' id='word_1_204' title='bbox 539 2812 650 2876; x_wconf 62' lang='grc' dir='ltr'><strong>ἐκροαὶ.</strong></span> <span class='ocrx_word' id='word_1_205' title='bbox 681 2812 732 2864; x_wconf 84' lang='lat' dir='ltr'><strong>Sed</strong></span> <span class='ocrx_word' id='word_1_206' title='bbox 745 2813 1035 2877; x_wconf 76' lang='lat' dir='ltr'><strong>necpeccat,sggressi.</strong></span> <span class='ocrx_word' id='word_1_207' title='bbox 1069 2811 1184 2863; x_wconf 78' lang='lat' dir='ltr'><strong>Brott&#39;er.</strong></span> 
     </span>
    </p>
   </div>
   <div class='ocr_carea' id='block_1_6' title="bbox 708 2956 817 3008">
    <p class='ocr_par' dir='ltr' id='par_1_8' title="bbox 708 2956 817 3008">
     <span class='ocr_line' id='line_1_28' title="bbox 708 2956 817 3008; baseline 0.009 -1"><span class='ocrx_word' id='word_1_208' title='bbox 708 2956 817 3008; x_wconf 71' lang='lat' dir='ltr'><strong>NO&#39;l&#39;lE</strong></span> 
     </span>
    </p>
   </div>
   <div class='ocr_carea' id='block_1_7' title="bbox 150 3054 1324 4280">
    <p class='ocr_par' dir='ltr' id='par_1_9' title="bbox 152 3054 1324 3747">
     <span class='ocr_line' id='line_1_29' title="bbox 242 3054 1324 3134; baseline 0.002 -18"><span class='ocrx_word' id='word_1_209' title='bbox 242 3068 442 3129; x_wconf 80' lang='lat' dir='ltr'><strong>0erdrogiatc</strong></span> <span class='ocrx_word' id='word_1_210' title='bbox 455 3065 611 3128; x_wconf 79' lang='lat' dir='ltr'><strong>Pertlsrrrsr]</strong></span> <span class='ocrx_word' id='word_1_211' title='bbox 632 3067 691 3117; x_wconf 90' lang='lat' dir='ltr'><strong>Nee</strong></span> <span class='ocrx_word' id='word_1_212' title='bbox 706 3066 746 3116; x_wconf 90' lang='lat' dir='ltr'><strong>ni·</strong></span> <span class='ocrx_word' id='word_1_213' title='bbox 785 3067 920 3118; x_wconf 80' lang='lat' dir='ltr'><strong>discordiis</strong></span> <span class='ocrx_word' id='word_1_214' title='bbox 947 3066 1037 3132; x_wconf 84' lang='lat' dir='ltr'><strong>populi</strong></span> <span class='ocrx_word' id='word_1_215' title='bbox 1060 3069 1136 3120; x_wconf 85' lang='lat' dir='ltr'><strong>Rom.</strong></span> <span class='ocrx_word' id='word_1_216' title='bbox 1159 3054 1228 3134; x_wconf 82' lang='lat' dir='ltr'><strong>quod</strong></span> <span class='ocrx_word' id='word_1_217' title='bbox 1251 3065 1324 3120; x_wconf 78' lang='lat' dir='ltr'><strong>forle</strong></span> 
     </span>
     <span class='ocr_line' id='line_1_30' title="bbox 210 3143 1324 3210; baseline -0.002 -14"><span class='ocrx_word' id='word_1_218' title='bbox 210 3145 260 3196; x_wconf 90' lang='lat' dir='ltr'><strong>mis</strong></span> <span class='ocrx_word' id='word_1_219' title='bbox 277 3159 325 3210; x_wconf 88' lang='lat' dir='ltr'><strong>pro</strong></span> <span class='ocrx_word' id='word_1_220' title='bbox 343 3144 389 3194; x_wconf 92' lang='lat' dir='ltr'><strong>illo</strong></span> <span class='ocrx_word' id='word_1_221' title='bbox 408 3157 482 3206; x_wconf 84' lang='lat' dir='ltr'><strong>rege,</strong></span> <span class='ocrx_word' id='word_1_222' title='bbox 501 3149 530 3192; x_wconf 91' lang='lat' dir='ltr'><strong>et</strong></span> <span class='ocrx_word' id='word_1_223' title='bbox 548 3143 643 3193; x_wconf 86' lang='lat' dir='ltr'><strong>militis</strong></span> <span class='ocrx_word' id='word_1_224' title='bbox 662 3144 743 3193; x_wconf 88' lang='lat' dir='ltr'><strong>totius</strong></span> <span class='ocrx_word' id='word_1_225' title='bbox 784 3145 949 3208; x_wconf 88' lang='lat' dir='ltr'><strong>potissimum</strong></span> <span class='ocrx_word' id='word_1_226' title='bbox 960 3145 1009 3194; x_wconf 83' lang='lat' dir='ltr'><strong>bec</strong></span> <span class='ocrx_word' id='word_1_227' title='bbox 1027 3146 1156 3209; x_wconf 77' lang='lat' dir='ltr'><strong>legatione</strong></span> <span class='ocrx_word' id='word_1_228' title='bbox 1167 3143 1324 3210; x_wconf 69' lang='lat' dir='ltr'><strong>querebant</strong></span> 
     </span>
     <span class='ocr_line' id='line_1_31' title="bbox 210 3219 1321 3286; baseline -0.003 -15"><span class='ocrx_word' id='word_1_229' title='bbox 210 3222 295 3286; x_wconf 80' lang='lat' dir='ltr'><strong>gentis</strong></span> <span class='ocrx_word' id='word_1_230' title='bbox 315 3221 439 3286; x_wconf 82' lang='lat' dir='ltr'><strong>equestri.</strong></span> <span class='ocrx_word' id='word_1_231' title='bbox 479 3219 551 3268; x_wconf 86' lang='lat' dir='ltr'><strong>Idem</strong></span> <span class='ocrx_word' id='word_1_232' title='bbox 573 3233 695 3268; x_wconf 87' lang='lat' dir='ltr'><strong>numerus</strong></span> <span class='ocrx_word' id='word_1_233' title='bbox 717 3220 744 3268; x_wconf 92' lang='lat' dir='ltr'><strong>in</strong></span> <span class='ocrx_word' id='word_1_234' title='bbox 784 3219 873 3269; x_wconf 85' lang='lat' dir='ltr'><strong>bostes</strong></span> <span class='ocrx_word' id='word_1_235' title='bbox 893 3221 1001 3270; x_wconf 83' lang='lat' dir='ltr'><strong>nominis</strong></span> <span class='ocrx_word' id='word_1_236' title='bbox 1022 3221 1098 3270; x_wconf 87' lang='lat' dir='ltr'><strong>Rom.</strong></span> <span class='ocrx_word' id='word_1_237' title='bbox 1114 3221 1225 3271; x_wconf 88' lang='lat' dir='ltr'><strong>honorat</strong></span> <span class='ocrx_word' id='word_1_238' title='bbox 1244 3219 1321 3268; x_wconf 86' lang='lat' dir='ltr'><strong>simul</strong></span> 
     </span>
     <span class='ocr_line' id='line_1_32' title="bbox 209 3294 1323 3361; baseline -0.004 -13"><span class='ocrx_word' id='word_1_239' title='bbox 209 3296 343 3358; x_wconf 72' lang='lat' dir='ltr'><strong>Suetonio,</strong></span> <span class='ocrx_word' id='word_1_240' title='bbox 352 3310 411 3358; x_wconf 89' lang='lat' dir='ltr'><strong>cap.</strong></span> <span class='ocrx_word' id='word_1_241' title='bbox 423 3299 447 3344; x_wconf 82' lang='grc'><strong>6.</strong></span> <span class='ocrx_word' id='word_1_242' title='bbox 463 3294 637 3356; x_wconf 79' lang='lat' dir='ltr'><strong>‘vologesum</strong></span> <span class='ocrx_word' id='word_1_243' title='bbox 650 3294 745 3357; x_wconf 87' lang='lat' dir='ltr'><strong>promi·</strong></span> <span class='ocrx_word' id='word_1_244' title='bbox 785 3295 864 3345; x_wconf 85' lang='lat' dir='ltr'><strong>etism</strong></span> <span class='ocrx_word' id='word_1_245' title='bbox 889 3304 1024 3357; x_wconf 65' lang='lat' dir='ltr'><strong>senatum</strong></span> <span class='ocrx_word' id='word_1_246' title='bbox 1051 3301 1142 3361; x_wconf 84' lang='lat' dir='ltr'><strong>captat</strong></span> <span class='ocrx_word' id='word_1_247' title='bbox 1165 3295 1323 3345; x_wconf 81' lang='lat' dir='ltr'><strong>benevolen-</strong></span> 
     </span>
     <span class='ocr_line' id='line_1_33' title="bbox 208 3361 1320 3438; baseline -0.004 -15"><span class='ocrx_word' id='word_1_248' title='bbox 208 3372 274 3423; x_wconf 89' lang='lat' dir='ltr'><strong>sisse</strong></span> <span class='ocrx_word' id='word_1_249' title='bbox 296 3370 470 3437; x_wconf 85' lang='lat' dir='ltr'><strong>quadraginta</strong></span> <span class='ocrx_word' id='word_1_250' title='bbox 493 3368 575 3418; x_wconf 88' lang='lat' dir='ltr'><strong>millia</strong></span> <span class='ocrx_word' id='word_1_251' title='bbox 599 3367 744 3432; x_wconf 59' lang='lat' dir='ltr'><strong>repturio·</strong></span> <span class='ocrx_word' id='word_1_252' title='bbox 785 3371 847 3422; x_wconf 86' lang='lat' dir='ltr'><strong>tiam</strong></span> <span class='ocrx_word' id='word_1_253' title='bbox 869 3375 1022 3438; x_wconf 86' lang='lat' dir='ltr'><strong>optimatum</strong></span> <span class='ocrx_word' id='word_1_254' title='bbox 1041 3387 1239 3438; x_wconf 86' lang='lat' dir='ltr'><strong>procerumque,</strong></span> <span class='ocrx_word' id='word_1_255' title='bbox 1261 3361 1320 3420; x_wconf 86' lang='lat' dir='ltr'><strong>cura</strong></span> 
     </span>
     <span class='ocr_line' id='line_1_34' title="bbox 211 3447 1321 3513; baseline -0.006 -11"><span class='ocrx_word' id='word_1_256' title='bbox 211 3450 289 3502; x_wconf 71' lang='lat' dir='ltr'><strong>rum!</strong></span> <span class='ocrx_word' id='word_1_257' title='bbox 783 3447 817 3497; x_wconf 81' lang='lat' dir='ltr'><strong>sd</strong></span> <span class='ocrx_word' id='word_1_258' title='bbox 828 3458 946 3499; x_wconf 83' lang='lat' dir='ltr'><strong>senatum</strong></span> <span class='ocrx_word' id='word_1_259' title='bbox 962 3448 1030 3497; x_wconf 88' lang='lat' dir='ltr'><strong>mitti</strong></span> <span class='ocrx_word' id='word_1_260' title='bbox 1047 3449 1147 3513; x_wconf 82' lang='lat' dir='ltr'><strong>legatos</strong></span> <span class='ocrx_word' id='word_1_261' title='bbox 1160 3449 1249 3512; x_wconf 86' lang='lat' dir='ltr'><strong>jubet,</strong></span> <span class='ocrx_word' id='word_1_262' title='bbox 1268 3459 1321 3495; x_wconf 86' lang='lat' dir='ltr'><strong>non</strong></span> 
     </span>
     <span class='ocr_line' id='line_1_35' title="bbox 152 3521 1321 3590; baseline -0.007 -12"><span class='ocrx_word' id='word_1_263' title='bbox 152 3569 163 3584; x_wconf 87' lang='lat'><strong>.</strong></span> <span class='ocrx_word' id='word_1_264' title='bbox 244 3528 305 3578; x_wconf 86' lang='lat' dir='ltr'><strong>Non</strong></span> <span class='ocrx_word' id='word_1_265' title='bbox 325 3531 432 3590; x_wconf 82' lang='lat' dir='ltr'><strong>pugnet.</strong></span> <span class='ocrx_word' id='word_1_266' title='bbox 466 3525 570 3588; x_wconf 88' lang='lat' dir='ltr'><strong>Nempe</strong></span> <span class='ocrx_word' id='word_1_267' title='bbox 586 3523 689 3588; x_wconf 83' lang='lat' dir='ltr'><strong>equites</strong></span> <span class='ocrx_word' id='word_1_268' title='bbox 705 3521 744 3571; x_wconf 91' lang='lat' dir='ltr'><strong>illi</strong></span> <span class='ocrx_word' id='word_1_269' title='bbox 784 3523 816 3575; x_wconf 83' lang='lat' dir='ltr'><strong>ed</strong></span> <span class='ocrx_word' id='word_1_270' title='bbox 834 3525 1035 3588; x_wconf 83' lang='lat' dir='ltr'><strong>imperatorem:</strong></span> <span class='ocrx_word' id='word_1_271' title='bbox 1053 3539 1104 3589; x_wconf 89' lang='lat' dir='ltr'><strong>quo</strong></span> <span class='ocrx_word' id='word_1_272' title='bbox 1115 3525 1227 3586; x_wconf 87' lang='lat' dir='ltr'><strong>priscum</strong></span> <span class='ocrx_word' id='word_1_273' title='bbox 1240 3523 1321 3590; x_wconf 82' lang='lat' dir='ltr'><strong>decus</strong></span> 
     </span>
     <span class='ocr_line' id='line_1_36' title="bbox 209 3601 1322 3667; baseline -0.005 -14"><span class='ocrx_word' id='word_1_274' title='bbox 209 3603 343 3667; x_wconf 78' lang='lat' dir='ltr'><strong>sagittarii,</strong></span> <span class='ocrx_word' id='word_1_275' title='bbox 361 3611 391 3652; x_wconf 91' lang='lat' dir='ltr'><strong>ut</strong></span> <span class='ocrx_word' id='word_1_276' title='bbox 407 3603 501 3663; x_wconf 88' lang='lat' dir='ltr'><strong>solent,</strong></span> <span class='ocrx_word' id='word_1_277' title='bbox 517 3601 744 3664; x_wconf 82' lang='lat' dir='ltr'><strong>etlrippotoxotre.</strong></span> <span class='ocrx_word' id='word_1_278' title='bbox 786 3609 888 3665; x_wconf 88' lang='lat' dir='ltr'><strong>patrum</strong></span> <span class='ocrx_word' id='word_1_279' title='bbox 901 3610 929 3652; x_wconf 88' lang='lat' dir='ltr'><strong>et</strong></span> <span class='ocrx_word' id='word_1_280' title='bbox 941 3601 1038 3652; x_wconf 84' lang='lat' dir='ltr'><strong>veteris</strong></span> <span class='ocrx_word' id='word_1_281' title='bbox 1056 3601 1186 3651; x_wconf 88' lang='lat' dir='ltr'><strong>libertatis</strong></span> <span class='ocrx_word' id='word_1_282' title='bbox 1205 3611 1322 3649; x_wconf 78' lang='lat' dir='ltr'><strong>asserere</strong></span> 
     </span>
     <span class='ocr_line' id='line_1_37' title="bbox 209 3679 929 3747; baseline -0.001 -17"><span class='ocrx_word' id='word_1_283' title='bbox 209 3680 315 3747; x_wconf 56' lang='lat' dir='ltr'><strong>meisa.</strong></span> <span class='ocrx_word' id='word_1_284' title='bbox 784 3679 929 3729; x_wconf 85' lang='lat' dir='ltr'><strong>videbatur.</strong></span> 
     </span>
    </p>

    <p class='ocr_par' dir='ltr' id='par_1_10' title="bbox 150 3751 1323 4052">
     <span class='ocr_line' id='line_1_38' title="bbox 243 3751 1322 3821; baseline -0.004 -15"><span class='ocrx_word' id='word_1_285' title='bbox 243 3755 381 3820; x_wconf 66' lang='lat' dir='ltr'><strong>Mulier]</strong></span> <span class='ocrx_word' id='word_1_286' title='bbox 402 3754 570 3821; x_wconf 80' lang='lat' dir='ltr'><strong>Magnificum</strong></span> <span class='ocrx_word' id='word_1_287' title='bbox 589 3769 655 3804; x_wconf 85' lang='lat' dir='ltr'><strong>noro</strong></span> <span class='ocrx_word' id='word_1_288' title='bbox 674 3755 745 3819; x_wconf 92' lang='lat' dir='ltr'><strong>prin·</strong></span> <span class='ocrx_word' id='word_1_289' title='bbox 819 3755 980 3818; x_wconf 76' lang='lat' dir='ltr'><strong>&#39;Antequam</strong></span> <span class='ocrx_word' id='word_1_290' title='bbox 994 3751 1172 3818; x_wconf 79' lang='lat' dir='ltr'><strong>digrederetur]</strong></span> <span class='ocrx_word' id='word_1_291' title='bbox 1199 3751 1224 3803; x_wconf 77' lang='grc' dir='ltr'><strong>Α</strong></span> <span class='ocrx_word' id='word_1_292' title='bbox 1244 3759 1322 3817; x_wconf 87' lang='lat' dir='ltr'><strong>patre</strong></span> 
     </span>
     <span class='ocr_line' id='line_1_39' title="bbox 210 3829 1323 3901; baseline -0.011 -11"><span class='ocrx_word' id='word_1_293' title='bbox 210 3835 263 3901; x_wconf 82' lang='lat' dir='ltr'><strong>cipi</strong></span> <span class='ocrx_word' id='word_1_294' title='bbox 282 3835 359 3886; x_wconf 83' lang='lat' dir='ltr'><strong>Rom.</strong></span> <span class='ocrx_word' id='word_1_295' title='bbox 378 3834 496 3898; x_wconf 86' lang='lat' dir='ltr'><strong>preuseri</strong></span> <span class='ocrx_word' id='word_1_296' title='bbox 512 3841 540 3884; x_wconf 91' lang='lat' dir='ltr'><strong>et</strong></span> <span class='ocrx_word' id='word_1_297' title='bbox 559 3833 610 3884; x_wconf 91' lang='lat' dir='ltr'><strong>coli</strong></span> <span class='ocrx_word' id='word_1_298' title='bbox 622 3849 637 3882; x_wconf 82' lang='lat' dir='ltr'><strong>a</strong></span> <span class='ocrx_word' id='word_1_299' title='bbox 648 3833 745 3882; x_wconf 84' lang='lat' dir='ltr'><strong>talibus</strong></span> <span class='ocrx_word' id='word_1_300' title='bbox 787 3837 815 3880; x_wconf 93' lang='lat' dir='ltr'><strong>et</strong></span> <span class='ocrx_word' id='word_1_301' title='bbox 825 3829 998 3890; x_wconf 80' lang='lat' dir='ltr'><strong>Alexandria;</strong></span> <span class='ocrx_word' id='word_1_302' title='bbox 1016 3830 1087 3879; x_wconf 89' lang='lat' dir='ltr'><strong>illum</strong></span> <span class='ocrx_word' id='word_1_303' title='bbox 1107 3843 1139 3878; x_wconf 92' lang='lat' dir='ltr'><strong>eo</strong></span> <span class='ocrx_word' id='word_1_304' title='bbox 1156 3843 1236 3893; x_wconf 88' lang='lat' dir='ltr'><strong>usque</strong></span> <span class='ocrx_word' id='word_1_305' title='bbox 1248 3841 1323 3880; x_wconf 87' lang='lat' dir='ltr'><strong>secu·</strong></span> 
     </span>
     <span class='ocr_line' id='line_1_40' title="bbox 150 3895 1322 3974; baseline -0.007 -12"><span class='ocrx_word' id='word_1_306' title='bbox 150 3925 156 3934; x_wconf 80' lang='lat'><em>&#39;</em></span> <span class='ocrx_word' id='word_1_307' title='bbox 211 3910 298 3973; x_wconf 86' lang='lat' dir='ltr'><strong>sociis,</strong></span> <span class='ocrx_word' id='word_1_308' title='bbox 308 3917 336 3960; x_wconf 89' lang='lat' dir='ltr'><strong>et</strong></span> <span class='ocrx_word' id='word_1_309' title='bbox 347 3912 494 3974; x_wconf 73' lang='lat' dir='ltr'><strong>praesertim</strong></span> <span class='ocrx_word' id='word_1_310' title='bbox 506 3925 564 3960; x_wconf 84' lang='lat' dir='ltr'><strong>cunr</strong></span> <span class='ocrx_word' id='word_1_311' title='bbox 583 3909 678 3959; x_wconf 83' lang='lat' dir='ltr'><strong>auxilio</strong></span> <span class='ocrx_word' id='word_1_312' title='bbox 689 3909 744 3958; x_wconf 86' lang='lat' dir='ltr'><strong>illo-</strong></span> <span class='ocrx_word' id='word_1_313' title='bbox 786 3912 828 3956; x_wconf 93' lang='lat' dir='ltr'><strong>tus</strong></span> <span class='ocrx_word' id='word_1_314' title='bbox 848 3914 921 3967; x_wconf 82' lang='lat' dir='ltr'><strong>erat;</strong></span> <span class='ocrx_word' id='word_1_315' title='bbox 947 3895 1005 3955; x_wconf 82' lang='lat' dir='ltr'><strong>inde</strong></span> <span class='ocrx_word' id='word_1_316' title='bbox 1024 3905 1155 3969; x_wconf 83' lang='lat' dir='ltr'><strong>digressus</strong></span> <span class='ocrx_word' id='word_1_317' title='bbox 1174 3911 1215 3954; x_wconf 89' lang='lat' dir='ltr'><strong>est</strong></span> <span class='ocrx_word' id='word_1_318' title='bbox 1235 3903 1322 3954; x_wconf 78' lang='lat' dir='ltr'><strong>Cress-</strong></span> 
     </span>
     <span class='ocr_line' id='line_1_41' title="bbox 211 3978 1323 4052; baseline -0.007 -15"><span class='ocrx_word' id='word_1_319' title='bbox 211 3989 269 4037; x_wconf 86' lang='lat' dir='ltr'><strong>rum</strong></span> <span class='ocrx_word' id='word_1_320' title='bbox 278 4000 329 4036; x_wconf 85' lang='lat' dir='ltr'><strong>noo</strong></span> <span class='ocrx_word' id='word_1_321' title='bbox 340 3987 477 4052; x_wconf 85' lang='lat' dir='ltr'><strong>indigeret.</strong></span> <span class='ocrx_word' id='word_1_322' title='bbox 786 3995 872 4032; x_wconf 81' lang='lat' dir='ltr'><strong>reatu:</strong></span> <span class='ocrx_word' id='word_1_323' title='bbox 892 3981 961 4046; x_wconf 89' lang='lat' dir='ltr'><strong>quod</strong></span> <span class='ocrx_word' id='word_1_324' title='bbox 975 3982 1027 4030; x_wconf 87' lang='lat' dir='ltr'><strong>iter</strong></span> <span class='ocrx_word' id='word_1_325' title='bbox 1038 3979 1174 4045; x_wconf 84' lang='lat' dir='ltr'><strong>speciatim</strong></span> <span class='ocrx_word' id='word_1_326' title='bbox 1194 3978 1323 4030; x_wconf 86' lang='lat' dir='ltr'><strong>describit</strong></span> 
     </span>
    </p>

    <p class='ocr_par' dir='ltr' id='par_1_11' title="bbox 213 4054 1322 4280">
     <span class='ocr_line' id='line_1_42' title="bbox 244 4054 1322 4124; baseline -0.008 -11"><span class='ocrx_word' id='word_1_327' title='bbox 244 4069 258 4104; x_wconf 71' lang='lat' dir='ltr'><strong>t</strong></span> <span class='ocrx_word' id='word_1_328' title='bbox 278 4063 312 4112; x_wconf 84' lang='lat' dir='ltr'><strong>Ut</strong></span> <span class='ocrx_word' id='word_1_329' title='bbox 333 4064 424 4124; x_wconf 64' lang='lat' dir='ltr'><strong>mos</strong></span> <span class='ocrx_word' id='word_1_330' title='bbox 445 4065 477 4112; x_wconf 86' lang='lat' dir='ltr'><strong>cd</strong></span> <span class='ocrx_word' id='word_1_331' title='bbox 493 4063 610 4113; x_wconf 74' lang='lat' dir='ltr'><strong>Secutum</strong></span> <span class='ocrx_word' id='word_1_332' title='bbox 626 4059 746 4123; x_wconf 65' lang='lat' dir='ltr'><strong>mittere]</strong></span> <span class='ocrx_word' id='word_1_333' title='bbox 785 4055 926 4122; x_wconf 78' lang='lat' dir='ltr'><strong>loseplrus,</strong></span> <span class='ocrx_word' id='word_1_334' title='bbox 944 4057 992 4107; x_wconf 86' lang='lat' dir='ltr'><strong>sub</strong></span> <span class='ocrx_word' id='word_1_335' title='bbox 1008 4055 1087 4107; x_wconf 87' lang='lat' dir='ltr'><strong>finem</strong></span> <span class='ocrx_word' id='word_1_336' title='bbox 1103 4056 1190 4124; x_wconf 89' lang='lat' dir='ltr'><strong>quarti</strong></span> <span class='ocrx_word' id='word_1_337' title='bbox 1209 4055 1269 4106; x_wconf 89' lang='lat' dir='ltr'><strong>libri</strong></span> <span class='ocrx_word' id='word_1_338' title='bbox 1286 4054 1322 4104; x_wconf 86' lang='lat' dir='ltr'><strong>da</strong></span> 
     </span>
     <span class='ocr_line' id='line_1_43' title="bbox 213 4133 1064 4204; baseline -0.005 -16"><span class='ocrx_word' id='word_1_339' title='bbox 213 4139 273 4188; x_wconf 86' lang='lat' dir='ltr'><strong>Duo</strong></span> <span class='ocrx_word' id='word_1_340' title='bbox 291 4139 358 4189; x_wconf 79' lang='lat' dir='ltr'><strong>tacit</strong></span> <span class='ocrx_word' id='word_1_341' title='bbox 377 4139 421 4190; x_wconf 87' lang='lat' dir='ltr'><strong>bic</strong></span> <span class='ocrx_word' id='word_1_342' title='bbox 439 4141 628 4204; x_wconf 85' lang='lat' dir='ltr'><strong>Vespasianus:</strong></span> <span class='ocrx_word' id='word_1_343' title='bbox 657 4143 746 4188; x_wconf 87' lang='lat' dir='ltr'><strong>monet</strong></span> <span class='ocrx_word' id='word_1_344' title='bbox 787 4133 918 4187; x_wconf 81' lang='lat' dir='ltr'><strong>Exscidio.</strong></span> <span class='ocrx_word' id='word_1_345' title='bbox 951 4133 1064 4185; x_wconf 68' lang='lat' dir='ltr'><strong>&amp;eilias</strong></span> 
     </span>
     <span class='ocr_line' id='line_1_44' title="bbox 213 4213 807 4280; baseline 0 -17"><span class='ocrx_word' id='word_1_346' title='bbox 213 4213 333 4280; x_wconf 70' lang='lat' dir='ltr'><strong>Pesticos,</strong></span> <span class='ocrx_word' id='word_1_347' title='bbox 350 4228 384 4264; x_wconf 87' lang='lat' dir='ltr'><strong>ne</strong></span> <span class='ocrx_word' id='word_1_348' title='bbox 402 4229 432 4264; x_wconf 88' lang='lat' dir='ltr'><strong>se</strong></span> <span class='ocrx_word' id='word_1_349' title='bbox 447 4215 611 4268; x_wconf 85' lang='lat' dir='ltr'><strong>immisceant</strong></span> <span class='ocrx_word' id='word_1_350' title='bbox 626 4215 702 4266; x_wconf 85' lang='lat' dir='ltr'><strong>bellis</strong></span> <span class='ocrx_word' id='word_1_351' title='bbox 717 4221 746 4264; x_wconf 86' lang='lat' dir='ltr'><strong>et</strong></span> <span class='ocrx_word' id='word_1_352' title='bbox 803 4219 807 4225; x_wconf 90' lang='lat'><em>&#39;</em></span> 
     </span>
    </p>
   </div>
   <div class='ocr_carea' id='block_1_8' title="bbox 0 0 1481 4742">
    <p class='ocr_par' dir='ltr' id='par_1_12' title="bbox 0 0 1481 4742">
     <span class='ocr_line' id='line_1_45' title="bbox 0 0 1481 4742; baseline 0 0"><span class='ocrx_word' id='word_1_353' title='bbox 0 0 1481 4742; x_wconf 95' lang='lat' dir='ltr'><strong> </strong></span> 
     </span>
    </p>
   </div>
  </div>
 </body>
</html>
