2925 4742
206 257 293 329 2850
556 273 587 321 c.
610 269 790 320 connecti
814 269 940 320 rscrrr
977 283 982 291 ·
1153 275 1317 340 [suess.

205 421 331 494 mum,
359 415 561 482 Praefectum
592 415 751 493 cohortis,
778 415 868 498 quod
902 414 959 478 bic
989 413 1132 492 treme
1164 413 1315 482 Gelonus

205 518 351 596 AEduus,
366 522 503 602 uterque
514 515 687 582 Vitelliani
699 517 841 595 fuerant,
857 517 1015 581 ostentui·
1028 518 1157 580 misere.
1201 517 1314 582 Simul

203 621 361 686 transitus
380 617 518 702 Alpium
532 617 702 702 praesidiis
721 620 896 701 occupati:
927 623 1088 699 suspectu
1102 614 1314 696 Germnuiu,b

204 723 362 804 tanquam
375 719 409 784 in
418 719 579 784 auxilium
590 718 722 783 Vitellii
739 717 974 796 accingeretur.

246 823 301 888 86.
324 823 373 886 At
386 820 554 899 Vitellius,
580 819 730 906 profecto
753 819 902 897 Caecinu,
922 838 999 883 cum
1023 817 1167 882 Fabium
1181 816 1320 900 Valenf-

203 929 282 1002 tem,
293 924 413 1009 paucis
428 929 506 1006 post
516 924 646 1001 diebus,
658 921 701 988 ad
712 923 837 987 bellum
846 922 1078 1005 impulisset,¹e
1090 920 1178 984 curis
1191 920 1310 984 luxum

204 1025 402 1092 obtendebat
412 1024 434 1085 :d
466 1044 533 1089 nou
558 1044 675 1109 parare
698 1042 801 1101 mma,
822 1041 889 1086 nou
910 1021 1056 1104 alloquio
1080 1020 1319 1102 exercitioque*

206 1179 318 1272 oson'o,
335 1211 362 1259 n
382 1209 544 1272 comtum,
562 1208 617 1272 ,eo
634 1209 671 1256 to
691 1209 784 1268 rrae,
805 1206 872 1256 mu
897 1204 1020 1254 enecone
1031 1203 1141 1264 fieren.
1173 1203 1309 1278 sermm

202 1279 306 1350 ternpore
316 1275 396 1348 oditur
410 1273 507 1348 ,lipiesm
522 1273 597 1348 copiis
607 1287 652 1348 seu
672 1271 826 1321 stationibus
844 1270 942 1318 obusti:
958 1269 1013 1332 quin
1032 1266 1120 1327 insede
1129 1267 1270 1330 Germanou,
1282 1269 1308 1314 et

204 1337 1018 1463 ⁹⁸31}*iiiid‘ffl'didiiiff'ssfssi'i'dffssffioorem
1029 1396 1129 1445 rann
1143 1395 1265 1444 vocarem
1274 1394 1310 1442 oo

205 1465 376 1531 mpedittm
386 1437 516 1530 doceor,
532 1437 685 1514 instantibus
697 1464 801 1525 negotiis
816 1465 898 1512 issem
906 1461 1068 1526 proterebat:
1092 1475 1139 1510 ποι
1148 1458 1270 1520 accingere
1281 1471 1308 1514 n

236 1709 252 1755 2
269 1704 383 1754 Budens.
398 1705 524 1754 Μηνᾶν.

237 1775 251 1819 l
269 1769 363 1820 bisilet
381 1770 421 1821 cl.
440 1771 574 1833 Emodus,
584 1767 720 1833 eopsiisset.
756 1765 791 1816 At
801 1764 920 1830 probum,
930 1764 1069 1828 impetisset.
1085 1762 1197 1816 Brotler.

701 1939 808 1990 NOTAE

202 2067 300 2118 monus,
321 2069 352 2105 sc
375 2054 444 2104 forte
470 2054 605 2104 senatorios
637 2054 732 2117 stirpis.
805 2058 817 2082 ⁰
833 2050 874 2098 Ad
894 2049 979 2098 belim
997 2046 1140 2111 impulisset]
1174 2044 1310 2108 Expedite

202 2129 271 2180 Num
283 2131 307 2180 lu
320 2138 438 2181 seuetnm
449 2131 521 2181 asciti
539 2133 615 2180 erant
629 2130 734 2193 Lugdu·
770 2125 896 2190 jussisset.

201 2219 294 2256 nenses
305 2212 333 2256 et
342 2207 427 2270 AEdni,
437 2207 484 2256 sub
496 2203 614 2254 Claudio.
805 2203 909 2252 iCrris
932 2204 1016 2250 nnn
1036 2197 1186 2261 obtendebat]
1217 2200 1310 2250 Vertit

234 2283 268 2331 Et
287 2281 330 2331 iile
350 2282 457 2332 mss
475 2280 733 2332 miiitumfuitsiicir·
775 2280 908 2342 interpres
920 2277 990 2326 Geli.
1019 2275 1310 2338 Curisimpetiilnxum

197 2355 242 2420 jus
253 2356 366 2406 cohortis
376 2371 407 2406 sc
425 2357 533 2420 legionis
551 2357 625 2405 Rom.
638 2355 671 2403 od
683 2354 733 2404 dii·
774 2355 885 2404 veisbst.
926 2354 1023 2402 Sensus
1053 2348 1121 2400 torte
1141 2358 1196 2400 est:
1224 2351 1311 2401 Cures

201 2429 337 2480 ferentium
350 2433 458 2480 sitorum
470 2431 606 2495 sociorum,
616 2431 660 2496 qui
671 2443 733 2478 srrx·
773 2426 923 2478 obtendisse
934 2424 1014 2476 luxui.
1047 2424 1117 2474 Num
1132 2424 1252 2489 ingentes
1264 2441 1309 2476 cu·

200 2503 313 2554 ilierium
333 2505 478 2554 cohortium
497 2519 544 2554 sen
568 2505 733 2569 populonium
773 2503 917 2568 roe,megni
936 2501 1046 2562 labores,
1067 2499 1175 2564 perinde
1192 2502 1311 2565 voluptu-

201 2592 305 2628 suorum
328 2585 428 2629 tontum
448 2581 556 2643 proserii
578 2587 670 2640 ersut;
704 2585 732 2627 et
773 2579 843 2629 tibus
857 2585 886 2628 et
902 2576 1098 2627 emunitatibus
1118 2576 1198 2626 iessri
1219 2582 1309 2638 egent.

201 2654 354 2720 quandoque
366 2655 473 2704 civitate
486 2655 584 2718 donati,
599 2655 680 2704 sedin
692 2669 731 2703 se·
771 2659 815 2709 Sic
826 2657 896 2708 Anu.
908 2657 955 2722 lib.
973 2671 1004 2706 rr.
1024 2660 1066 2706 ⁸³.
1090 2648 1255 2706 ‘Distiuctos
1266 2671 1309 2706 se·

200 2736 289 2780 ustum
306 2745 356 2780 non
373 2731 458 2780 escili.
491 2732 534 2782 Sic
553 2731 670 2782 hocloco
687 2730 732 2780 Al·
771 2740 848 2784 ustos
863 2741 892 2783 et
908 2733 1025 2797 equitnm
1045 2744 1153 2790 ceusos;
1176 2745 1229 2781 non
1245 2731 1309 2795 ostie

200 2805 277 2870 pinus
288 2806 430 2856 Montanos
447 2807 541 2857 Trevir
557 2808 685 2871 prefectus
694 2822 731 2854 co-
772 2807 867 2857 dirersi
877 2817 979 2869 nature,
987 2805 1033 2856 sed
1044 2814 1073 2856 ut
1082 2807 1157 2869 iocis,
1164 2805 1308 2867 ordinibus,

199 2880 275 2932 torto
291 2884 446 2946 appellatur.
482 2882 589 2943 littori,
599 2887 732 2946 equestres
772 2884 965 2947 dignationibus
985 2884 1124 2944 sntistent,
1138 2884 1254 2946 talesque
1272 2883 1308 2934 ad

199 2957 305 3008 milities
314 2957 478 3019 obtinebunt,
490 2963 519 3006 et
537 2957 635 3007 nobiles
647 2964 730 3022 erent,
772 2959 886 3032 requiem
898 2960 986 3023 enimi,
998 2965 1042 3009 sut
1056 2958 1239 3008 salubritatem
1251 2974 1310 3010 cor-

199 3037 228 3082 et
238 3047 309 3096 sepe
320 3032 453 3082 isticlsrii.
771 3048 863 3097 porum
885 3043 1019 3098 parentur.
1053 3034 1113 3084 Nisi
1130 3033 1201 3084 sorte
1218 3035 1308 3086 cleris·

232 3113 244 3140 ¹
261 3107 385 3170 Osiestsi]
413 3107 535 3157 Fortunae
556 3122 586 3157 sc
608 3107 730 3158 victorlae.
771 3109 836 3158 simo
847 3109 941 3175 eoique
954 3112 1041 3174 plures
1053 3125 1140 3172 cures,
1150 3111 1250 3174 majore
1261 3126 1308 3175 pe·

230 3179 242 3215 ⁵
258 3181 373 3246 Suspecta
387 3183 528 3246 Gerrunio]
548 3185 626 3234 Certe
637 3184 663 3232 ts
673 3199 730 3232 utre·
771 3185 1020 3246 nocturnorum,
1043 3186 1217 3236 delinimentis
1230 3201 1308 3237 curs·

198 3257 267 3307 ilisrn
282 3258 373 3308 Vitellii
392 3259 562 3322 accingeretur,
572 3259 593 3308 si
611 3259 667 3324 quis
678 3258 730 3308 dux
772 3277 828 3311 rum
841 3271 870 3312 et
887 3263 1060 3326 periculorum
1078 3263 1218 3313 carendum
1232 3265 1309 3315 esse?

199 3333 311 3397 adesset,
329 3335 349 3384 si
365 3335 460 3384 Fabius
473 3335 569 3383 Vsieus
580 3341 731 3397 penetraret
771 3337 824 3386 Ubi
841 3352 899 3401 pro,
920 3339 1030 3402 talesque,
1045 3338 1137 3401 legunt
1156 3337 1209 3397 olii,
1224 3339 1307 3404 solep-

198 3408 231 3458 sd
252 3410 375 3472 legiones.
408 3412 443 3459 Et
458 3417 530 3460 certe
550 3411 591 3460 bic
611 3411 729 3474 plebeius
769 3419 884 3478 interque.
918 3415 969 3464 Sed
991 3413 1059 3478 quod
1078 3413 1104 3462 in
1123 3415 1179 3464 eliis
1195 3416 1321 3465 ducibus·

197 3482 272 3534 miles
295 3485 440 3534 obstinatus
463 3501 510 3549 pro
533 3486 642 3535 Vitellio
664 3493 729 3548 erut,
770 3505 811 3540 res
831 3488 890 3554 soit,
910 3497 957 3540 aut
974 3491 1128 3554 necessitas,
1149 3491 1176 3540 iu
1195 3492 1306 3544 Vitellio

197 3559 247 3610 uisi
267 3560 384 3610 obstsret
404 3575 435 3610 ec
463 3561 600 3612 divexsret
627 3563 729 3614 interim
770 3572 1101 3630 tantumpraetextuserst.
1313 3625 1317 3634 ι

199 3641 281 3685 cestre
292 3637 421 3700 logicum
433 3637 645 3688 Germanicarum
665 3639 731 3689 ciri·
805 3643 878 3692 curis
888 3643 982 3705 Mum]
1001 3644 1074 3692 Luxu
1086 3649 1115 3692 et
1125 3643 1311 3708 voluptatibus·

198 3709 230 3760 lis
251 3713 376 3772 Batavus,
394 3713 468 3761 illuto
492 3715 577 3776 palum
609 3715 730 3764 Romanis
770 3734 799 3769 se
817 3720 997 3784 immergebat,
1015 3718 1129 3769 sbdebot
1142 3734 1169 3769 se
1185 3721 1251 3770 lucis
1271 3735 1303 3771 sc

198 3783 276 3849 bello,
299 3787 394 3836 escitis
419 3787 501 3836 Gallis
532 3789 731 3855 Germanisque,
762 3810 904 3845 nemorum
926 3795 1032 3858 umbris,
1058 3801 1205 3860 preteriens
1223 3796 1304 3861 forte,

199 3859 281 3924 initio,
298 3867 430 3925 pretextu
449 3870 476 3912 et
495 3863 730 3929 vocsbnlovesps·
770 3872 845 3936 quasi
866 3872 893 3921 in
915 3886 1019 3922 secessu
1038 3886 1113 3921 cures
1134 3873 1235 3937 imperii
1254 3880 1304 3924 sut

198 3935 279 3986 sisois
307 3939 350 4002 qui
370 3939 431 3987 dein
449 3946 477 3987 et
497 3953 543 3989 suo
560 3941 663 3991 nomine
683 3941 729 3990 im·
770 3946 832 3996 beili
854 3948 1034 4012 meditaretur,
1055 3962 1115 3997 cum
1143 3961 1229 4012 neque
1259 3949 1303 3999 vel

199 4013 300 4074 perium
330 4014 473 4066 Gelilsmm
504 4015 646 4085 affectavit,
670 4033 728 4070 cum
769 4023 838 4073 iuter
858 4025 970 4087 scyphos
986 4023 1020 4077 de
1036 4022 1105 4072 bello
1116 4023 1244 4087 cogitaret
1254 4031 1303 4076 ent

200 4085 257 4138 silis
268 4090 419 4154 proceribus
430 4091 582 4145 Guilismm.
769 4097 928 4163 loqueretur.
980 4097 1072 4152 infre:
1107 4098 1116 4126 ‘
1139 4099 1302 4152 Umbrscolis
