2925 4742
156 366 293 440 uoto]
496 368 763 421 utsronmuou
787 370 860 422 mu.
883 362 920 422 t.
1171 347 1260 424 822?

158 518 263 597 visse,
287 516 377 602 quod
392 518 511 583 totiens
525 516 678 581 Rhenum
691 517 952 582 transcenderint
962 524 986 583 :¹
1023 518 1065 581 si¹
1082 517 1161 604 qnid
1176 520 1260 585 tritri

158 620 348 699 moliantur,
363 619 440 683 inde
453 619 609 703 injuriam
634 624 667 683 et
688 619 834 704 culpam,
847 619 925 684 hinc
941 619 1104 685 ultionem
1118 627 1150 685 et
1164 620 1259 686 Deos

157 720 250 787 sore!

201 823 257 888 25.
280 820 506 889 Miscebantur
528 823 627 887 minis
647 824 825 907 promissa.
869 822 925 902 Et,
950 844 1112 889 concussu
1135 826 1260 892 Trans-

157 925 374 989 rhenanorum
388 924 465 1003 fide,
480 926 565 989 inter
575 926 726 991 Batavos
741 946 873 1010 qnoque
886 946 1054 991 sermones
1066 928 1149 993 orti:
1172 934 1260 995 ‘non

157 1028 401 1110 prorogandam
410 1027 500 1093 ultra
510 1029 656 1093 urinam:
679 1048 742 1092 nec
754 1049 857 1113 posse
872 1030 914 1092 ab
929 1049 997 1092 una
1010 1029 1143 1093 notione
1157 1030 1259 1096 totius

160 1129 252 1193 orbis
267 1128 437 1194 seruitium
452 1128 582 1213 depelli.
628 1130 720 1211 Quid
737 1131 930 1215 perlectnm¹
947 1131 1040 1195 caedo
1053 1136 1086 1193 et
1098 1132 1260 1197 incendiis

156 1230 333 1312 legionum,
349 1231 415 1294 nisi
439 1236 477 1296 ut
498 1232 608 1316 plures
623 1232 869 1315 validioresque
881 1234 1088 1297 accirenturi
1120 1232 1158 1297 Si
1172 1230 1260 1298 Ves-

157 1331 302 1413 pasiano
316 1333 438 1397 bellum
464 1334 711 1411 nonsummum
737 1334 983 1418 Vespasianum
1007 1352 1115 1398 rerum
1138 1334 1260 1416 potiri}

158 1432 209 1497 sin
224 1431 392 1517 Populum
418 1432 606 1498 Romanum
630 1436 729 1499 armis
752 1441 953 1518 provocent‚³
974 1440 1109 1517 quotam
1131 1440 1260 1518 partem
1330 1470 1333 1475 ·

158 1536 288 1615 generis
311 1535 458 1599 hnmani⁰
482 1536 629 1601 Batavos
656 1536 757 1599 esset
787 1535 989 1618 respicerent
1002 1534 1143 1600 eraetos
1158 1535 1261 1600 Nori·

159 1653 288 1718 cosque
303 1640 352 1699 ct*
366 1643 547 1701 ceterorum
561 1656 661 1701 onera
674 1640 862 1702 sociorum:
888 1637 954 1701 sibi
968 1655 1035 1700 non
1049 1638 1184 1715 tributa,
1200 1636 1260 1702 sed

158 1737 325 1801 virtutem5
340 1741 374 1800 et
388 1738 490 1802 viros⁰
505 1736 628 1803 indici:
650 1738 840 1821 proximum
854 1737 888 1801 id
902 1738 1044 1803 libertati
1056 1759 1066 1819 3
1096 1743 1142 1817 et,
1157 1741 1188 1805 si
1201 1738 1260 1803 do·

158 1982 186 2027 et
197 1976 259 2026 setis
270 1976 418 2042 deliquisse,
427 1978 495 2041 qnod
507 1980 586 2030 toties
596 1976 691 2031 flumen
703 1978 906 2030 transmiserint:
924 1977 946 2028 si
958 1977 1018 2042 qnid
1030 1982 1161 2041 pretereo
1170 1990 1262 2042 eggre-

158 2042 271 2103 diautor,
284 2041 345 2090 inde
356 2041 523 2093 offensionem
537 2050 564 2092 et
574 2046 668 2103 scelus,
678 2045 738 2093 irinc
749 2044 888 2093 vindictam
900 2042 995 2092 forest
1006 2043 1129 2091 Numine.

190 2104 269 2155 Misit
277 2106 465 2168 metamur
481 2109 605 2171 promtus.
638 2108 682 2172 Et,
693 2114 771 2158 emoto
780 2107 912 2157 ostatu
921 2107 1172 2169 commone
1184 2106 1260 2155 Boto-

156 2182 196 2217 oos
206 2171 278 2221 etim
287 2176 363 2234 copto
373 2172 499 2236 colloquio:
523 2173 584 2222 Non
604 2173 797 2236 propellendum
808 2174 877 2221 nltrs
895 2171 1052 2235 perniciem:
1078 2185 1127 2220 uec
1139 2184 1213 2234 posse
1225 2170 1260 2219 eo

157 2247 209 2281 una
219 2241 296 2297 gente
308 2236 420 2284 omnium
439 2238 590 2301 populorum
601 2238 753 2286 servitutem
764 2236 909 2286 deturbari.
941 2236 1011 2286 Quid
1026 2242 1161 2298 peractum
1180 2234 1260 2291 inter·

156 2297 266 2348 neolone
283 2298 456 2349 Romanorum
467 2308 496 2351 et
507 2301 627 2350 crematis
638 2302 729 2350 castris
742 2302 881 2365 legionum,
892 2299 940 2348 nisi
951 2306 981 2348 ut
992 2300 1078 2362 plores
1088 2297 1261 2363 fortioresque

157 2364 372 2412 accerserentur?
395 2364 422 2412 Si
437 2379 484 2428 pro
499 2364 658 2428 Vespasiano
670 2366 765 2415 bellum
776 2366 915 2424 moverint,
927 2363 1115 2427 Vespasisnnm
1125 2363 1262 2425 imperium

157 2425 292 2485 obtinere;
318 2426 386 2491 qnod
399 2428 419 2477 si
432 2429 556 2492 populum
568 2430 641 2479 Rom.
654 2430 732 2479 ermis
750 2430 888 2492 lecessoot,
899 2434 1004 2492 quotum
1015 2435 1116 2489 portem
1127 2427 1198 2476 orbis
1210 2434 1262 2475 ter-

157 2502 243 2539 rerum
261 2492 375 2542 Batavos
392 2494 467 2542 esse?
491 2492 646 2555 spectarent
665 2494 770 2543 Rluetos
788 2500 816 2543 et
836 2494 956 2553 Noricos,
968 2500 995 2541 et
1006 2492 1113 2540 eliorum
1132 2491 1261 2540 sociorum

158 2554 271 2605 tributu:
289 2555 352 2619 ipsis
364 2570 414 2606 noo
424 2557 624 2621 vectigalia,sed
633 2571 704 2607 arms
714 2559 833 2621 virosque
842 2557 978 2621 imperari:
996 2556 1079 2605 simile
1090 2555 1116 2604 id
1127 2554 1261 2615 libertati3
1310 2581 1313 2587 ·

538 2691 541 2696 '
620 2694 800 2717 mnnmu

158 2796 216 2858 bus,
221 2800 345 2859 penetres
352 2811 361 2853 ‚·
377 2796 417 2860 [et
428 2796 466 2845 sic
476 2795 593 2859 llyckius
599 2800 632 2845 et
640 2795 768 2859 Gronov]
788 2794 942 2847 Erotion—2
957 2794 1072 2853 nsoter.
1082 2790 1262 2843 tromesdoit.

158 2865 207 2910 —t
225 2862 274 2911 ms.
287 2862 362 2909 Heri.
373 2862 414 2909 sed
425 2862 490 2923 quid.
525 2861 576 2908 Mt.
587 2860 642 2911 Jes.
653 2861 693 2909 sed
704 2860 768 2923 quio.

192 2929 205 2974 l
223 2925 288 2973 Mes.
303 2924 378 2974 Harl.
390 2925 466 2973 Bodl.
478 2924 532 2976 Jes.
544 2925 602 2987 quid
611 2923 800 2987 profectuose-2
817 2924 869 2973 Me.
879 2923 957 2972 Bodl.
969 2920 1083 2972 seconde
1092 2936 1179 2979 maun,
1187 2934 1261 2970 sees·

158 2992 299 3038 versute-³
317 2989 369 3037 ms.
380 2989 494 3039 Budeus.
505 2993 643 3038 vocent-t
659 2989 750 3038 ductat
760 2989 899 3037 Rhenanus
909 3002 938 3037 se
949 2986 1085 3035 inseruisse
1096 2985 1261 3049 porticulum,

157 3058 190 3103 et.
224 3054 321 3102 Verum
335 3053 403 3101 illurn
419 3053 475 3115 jem
493 3052 607 3101 habebut
624 3052 793 3103 Puteolanus.
810 3052 966 3101 Erotion-5
982 3051 1028 3100 Sic
1039 3050 1106 3100 benc
1126 3050 1178 3100 llis.
1190 3050 1262 3099 utor.
1359 3092 1365 3101 .

158 3117 260 3182 Lipsius
272 3124 299 3167 et
311 3118 478 3167 recentiores.
511 3116 576 3167 Mes.
590 3116 664 3166 Harl.
675 3116 751 3167 Bodl.
762 3117 818 3169 Jes.
829 3124 857 3165 et
868 3117 1037 3179 Puteolanus,
1048 3115 1156 3165 oneo.
1182 3114 1262 3163 Frus-

654 3262 761 3315 NOTAE

190 3386 209 3414 Ι
231 3378 261 3429 Si
281 3378 420 3443 Vespasiano
438 3376 524 3427 totos
542 3374 689 3438 severerist]
728 3374 967 3440 sentilli,noodum
977 3373 1185 3437 cognoscebant?

157 3453 185 3505 Si
199 3469 246 3520 pro
258 3454 375 3520 pertibus
385 3452 539 3517 Vespasiani
551 3452 690 3502 sumserint
760 3460 773 3486 ⁰
789 3453 990 3503 &doirtutmet
1000 3450 1076 3513 eoos]
1098 3451 1142 3500 Sic
1161 3450 1207 3501 lib.
1225 3450 1262 3503 de

157 3548 238 3596 ormo,
248 3534 271 3585 si
282 3547 339 3583 eoru
349 3533 387 3582 illi
405 3547 512 3597 opernm
521 3530 689 3597 militiamque
730 3528 898 3578 Moutlerm.
911 3530 918 3555 ‘
932 3528 1035 3576 Exemtl
1044 3526 1164 3577 oneribus
1172 3528 1263 3577 etcol·

156 3610 286 3660 neverint.
730 3603 1037 3675 incommemoratos
1053 3601 1080 3648 in
1098 3615 1172 3649 osum
1193 3614 1260 3664 pt·-

190 3692 203 3719 ¹
228 3687 330 3743 Meos
352 3688 447 3748 portem
469 3684 565 3746 generis
579 3682 689 3746 uncus]
729 3680 821 3729 liorem
832 3680 956 3742 sepositi3
973 3676 1044 3725 velot
1054 3677 1108 3725 telo
1124 3682 1204 3740 etque
1219 3691 1261 3727 sr-

158 3762 240 3815 stsi
259 3777 321 3811 vero
340 3776 415 3810 omne
443 3776 524 3823 genus
541 3760 689 3809 mortalium
729 3772 781 3817 me,
791 3755 865 3805 bellis
876 3752 1057 3804 reserventur?
1224 3810 1228 3817 ⁸

157 3838 296 3887 inserviret
323 3836 431 3900 imperio
453 3837 527 3885 Rom.
550 3842 578 3885 et
605 3842 689 3885 temes
765 3826 1262 3892 Virtutrssotoimllntelligitlromines

158 3914 266 3979 quotnlo
285 3925 344 3975 pers
367 3912 437 3961 orbis
456 3912 605 3961 immensum
624 3912 689 3961 illud
730 3918 858 3967 strenuos,
871 3906 902 3955 ed
915 3920 987 3955 arros
1003 3912 1030 3954 et
1049 3904 1173 3955 virtutem
1188 3902 1263 3954 belli·

156 3988 292 4053 imperium
302 3989 311 4036 l
323 3988 384 4051 qnid
398 3988 689 4050 reliquosSeptemtrio?
730 4000 788 4035 cam
799 3984 914 4047 genitos3
938 3995 986 4031 occ
1005 3981 1057 4029 tole
1075 3979 1199 4030 tributum
1214 3994 1260 4029 ex-

157 4066 223 4131 qnid
233 4064 343 4115 Partiri?
367 4063 504 4113 unledi?
526 4062 690 4127 qnidAirirs
730 4064 807 4125 primi
826 4060 937 4108 nonnius
954 4056 1049 4119 potnit.
1089 4056 1130 4105 Ab
1149 4055 1261 4105 ellisso-

158 4144 293 4195 universal
319 4142 690 4206 quidceterumgeuuslromi·
729 4139 776 4188 ciis
788 4137 1035 4202 pecuniemetopes
1050 4132 1168 4204 exigunt,
1183 4132 1264 4185 sile-

155 4222 236 4273 numl
259 4220 330 4287 qood
341 4226 428 4271 mente
438 4228 467 4271 et
481 4235 528 4285 spe
538 4233 689 4284 presumse-
728 4210 1035 4266 astruuntur-etum.
